<?xml version="1.0" encoding="UTF-8"?>
<!DOCTYPE html PUBLIC "-//W3C//DTD XHTML 1.0 Transitional//EN"
    "http://www.w3.org/TR/xhtml1/DTD/xhtml1-transitional.dtd">
<html xmlns="http://www.w3.org/1999/xhtml" xml:lang="en" lang="en">
 <head>
  <title>
</title>
<meta http-equiv="Content-Type" content="text/html;charset=utf-8" />
  <meta name='ocr-system' content='tesseract 3.04.00' />
  <meta name='ocr-capabilities' content='ocr_page ocr_carea ocr_par ocr_line ocrx_word'/>
</head>
<body>
  <div class='ocr_page' id='page_1' title='image "./quaestionestere01ihnegoog_0045.png"; bbox 0 0 2942 4849; ppageno 0'>
   <div class='ocr_carea' id='block_1_1' title="bbox 282 518 2621 4285">
    <p class='ocr_par' dir='ltr' id='par_1_1' title="bbox 370 518 2621 1581">
     <span class='ocr_line' id='line_1_1' title="bbox 375 518 2558 605; baseline -0.007 -11"><span class='ocrx_word' id='word_1_1' title='bbox 375 530 838 594; x_wconf 80' lang='lat' dir='ltr'>imbecillitatem</span> <span class='ocrx_word' id='word_1_2' title='bbox 885 524 1132 604; x_wconf 83' lang='lat' dir='ltr'>deridet,</span> <span class='ocrx_word' id='word_1_3' title='bbox 1171 531 1230 586; x_wconf 88' lang='lat' dir='ltr'>et</span> <span class='ocrx_word' id='word_1_4' title='bbox 1266 525 1430 586; x_wconf 85' lang='lat' dir='ltr'>iusta</span> <span class='ocrx_word' id='word_1_5' title='bbox 1464 540 1671 605; x_wconf 89' lang='lat' dir='ltr'>poena</span> <span class='ocrx_word' id='word_1_6' title='bbox 1713 520 1922 602; x_wconf 75' lang='lat' dir='ltr'>afficit,</span> <span class='ocrx_word' id='word_1_7' title='bbox 1963 519 2202 601; x_wconf 78' lang='lat' dir='ltr'>lonqe</span> <span class='ocrx_word' id='word_1_8' title='bbox 2242 521 2363 581; x_wconf 88' lang='lat' dir='ltr'>int</span> <span class='ocrx_word' id='word_1_9' title='bbox 2375 519 2483 582; x_wconf 89' lang='lat' dir='ltr'>ell</span> <span class='ocrx_word' id='word_1_10' title='bbox 2494 518 2558 579; x_wconf 90' lang='lat' dir='ltr'>i-</span> 
     </span>
     <span class='ocr_line' id='line_1_2' title="bbox 373 627 2555 721; baseline -0.006 -19"><span class='ocrx_word' id='word_1_11' title='bbox 373 639 831 721; x_wconf 80' lang='lat' dir='ltr'>9entiorem</span> <span class='ocrx_word' id='word_1_12' title='bbox 870 634 1272 712; x_wconf 74' lang='lat' dir='ltr'><strong><em>ostendit,</em></strong></span> <span class='ocrx_word' id='word_1_13' title='bbox 1325 651 1562 713; x_wconf 88' lang='lat' dir='ltr'>quam</span> <span class='ocrx_word' id='word_1_14' title='bbox 1601 632 1932 711; x_wconf 88' lang='lat' dir='ltr'>qualem</span> <span class='ocrx_word' id='word_1_15' title='bbox 1973 628 2053 690; x_wconf 86' lang='lat' dir='ltr'>in</span> <span class='ocrx_word' id='word_1_16' title='bbox 2102 627 2555 706; x_wconf 73' lang='lat' dir='ltr'><strong><em>colloquiis</em></strong></span> 
     </span>
     <span class='ocr_line' id='line_1_3' title="bbox 372 722 2559 825; baseline -0.006 -17"><span class='ocrx_word' id='word_1_17' title='bbox 372 766 544 809; x_wconf 89' lang='lat' dir='ltr'>cum</span> <span class='ocrx_word' id='word_1_18' title='bbox 586 727 811 825; x_wconf 59' lang='lat' dir='ltr'>⁴Syro</span> <span class='ocrx_word' id='word_1_19' title='bbox 868 722 1463 823; x_wconf 74' lang='lat' dir='ltr'>coynoscimus3</span> <span class='ocrx_word' id='word_1_20' title='bbox 1526 740 1850 819; x_wconf 86' lang='lat' dir='ltr'>eademque</span> <span class='ocrx_word' id='word_1_21' title='bbox 1887 735 2167 820; x_wconf 71' lang='lat' dir='ltr'>Micioni-s</span> <span class='ocrx_word' id='word_1_22' title='bbox 2216 754 2410 797; x_wconf 85' lang='lat' dir='ltr'>causa</span> <span class='ocrx_word' id='word_1_23' title='bbox 2448 740 2559 813; x_wconf 84' lang='lat' dir='ltr'>est,</span> 
     </span>
     <span class='ocr_line' id='line_1_4' title="bbox 370 842 2560 933; baseline -0.005 -17"><span class='ocrx_word' id='word_1_24' title='bbox 370 872 546 933; x_wconf 86' lang='lat' dir='ltr'>quem</span> <span class='ocrx_word' id='word_1_25' title='bbox 585 870 703 931; x_wconf 73' lang='lat' dir='ltr'>quo</span> <span class='ocrx_word' id='word_1_26' title='bbox 740 851 1101 931; x_wconf 82' lang='lat' dir='ltr'>prudentius</span> <span class='ocrx_word' id='word_1_27' title='bbox 1141 848 1507 912; x_wconf 71' lang='lat' dir='ltr'><strong><em>Aeschinum</em></strong></span> <span class='ocrx_word' id='word_1_28' title='bbox 1572 848 1760 927; x_wconf 75' lang='lat' dir='ltr'>filium</span> <span class='ocrx_word' id='word_1_29' title='bbox 1818 846 1892 908; x_wconf 92' lang='lat' dir='ltr'>de</span> <span class='ocrx_word' id='word_1_30' title='bbox 1929 851 2145 925; x_wconf 84' lang='lat' dir='ltr'>stupro</span> <span class='ocrx_word' id='word_1_31' title='bbox 2209 842 2560 922; x_wconf 73' lang='lat' dir='ltr'><strong><em>Pamphilae</em></strong></span> 
     </span>
     <span class='ocr_line' id='line_1_5' title="bbox 375 953 2621 1040; baseline -0.005 -16"><span class='ocrx_word' id='word_1_32' title='bbox 375 961 547 1024; x_wconf 87' lang='lat' dir='ltr'>illato</span> <span class='ocrx_word' id='word_1_33' title='bbox 594 961 985 1040; x_wconf 76' lang='lat' dir='ltr'>castiqantem</span> <span class='ocrx_word' id='word_1_34' title='bbox 1024 959 1330 1037; x_wconf 85' lang='lat' dir='ltr'>videmus,</span> <span class='ocrx_word' id='word_1_35' title='bbox 1375 975 1447 1019; x_wconf 91' lang='lat' dir='ltr'>eo</span> <span class='ocrx_word' id='word_1_36' title='bbox 1483 956 1678 1036; x_wconf 74' lang='lat' dir='ltr'>maqis</span> <span class='ocrx_word' id='word_1_37' title='bbox 1718 954 2155 1033; x_wconf 77' lang='lat' dir='ltr'><strong><em>miramur,</em></strong></span> <span class='ocrx_word' id='word_1_38' title='bbox 2199 971 2296 1014; x_wconf 90' lang='lat' dir='ltr'>ne</span> <span class='ocrx_word' id='word_1_39' title='bbox 2345 953 2559 1014; x_wconf 87' lang='lat' dir='ltr'>adeo</span> <span class='ocrx_word' id='word_1_40' title='bbox 2613 974 2621 981; x_wconf 93' lang='lat'><strong>·</strong></span> 
     </span>
     <span class='ocr_line' id='line_1_6' title="bbox 373 1068 2558 1152; baseline -0.005 -18"><span class='ocrx_word' id='word_1_41' title='bbox 373 1071 682 1152; x_wconf 88' lang='lat' dir='ltr'>quidem</span> <span class='ocrx_word' id='word_1_42' title='bbox 728 1071 1063 1132; x_wconf 85' lang='lat' dir='ltr'>animum</span> <span class='ocrx_word' id='word_1_43' title='bbox 1107 1087 1322 1130; x_wconf 88' lang='lat' dir='ltr'>suum</span> <span class='ocrx_word' id='word_1_44' title='bbox 1363 1068 1805 1149; x_wconf 80' lang='lat' dir='ltr'>offirmare</span> <span class='ocrx_word' id='word_1_45' title='bbox 1855 1082 2147 1147; x_wconf 88' lang='lat' dir='ltr'>posse,</span> <span class='ocrx_word' id='word_1_46' title='bbox 2191 1070 2273 1126; x_wconf 88' lang='lat' dir='ltr'>ut</span> <span class='ocrx_word' id='word_1_47' title='bbox 2310 1069 2558 1126; x_wconf 88' lang='lat' dir='ltr'>teme-</span> 
     </span>
     <span class='ocr_line' id='line_1_7' title="bbox 382 1172 2563 1256; baseline -0.004 -15"><span class='ocrx_word' id='word_1_48' title='bbox 382 1179 659 1241; x_wconf 87' lang='lat' dir='ltr'>rariis</span> <span class='ocrx_word' id='word_1_49' title='bbox 697 1177 940 1240; x_wconf 89' lang='lat' dir='ltr'>illius</span> <span class='ocrx_word' id='word_1_50' title='bbox 977 1176 1400 1256; x_wconf 86' lang='lat' dir='ltr'>precibus</span> <span class='ocrx_word' id='word_1_51' title='bbox 1444 1176 1538 1238; x_wconf 89' lang='lat' dir='ltr'>de</span> <span class='ocrx_word' id='word_1_52' title='bbox 1575 1182 1841 1237; x_wconf 86' lang='lat' dir='ltr'>matre</span> <span class='ocrx_word' id='word_1_53' title='bbox 1876 1173 2218 1252; x_wconf 85' lang='lat' dir='ltr'>puellae</span> <span class='ocrx_word' id='word_1_54' title='bbox 2270 1172 2563 1235; x_wconf 86' lang='lat' dir='ltr'>ducen-</span> 
     </span>
     <span class='ocr_line' id='line_1_8' title="bbox 381 1279 2561 1366; baseline -0.003 -17"><span class='ocrx_word' id='word_1_55' title='bbox 381 1288 475 1350; x_wconf 94' lang='lat' dir='ltr'>da</span> <span class='ocrx_word' id='word_1_56' title='bbox 527 1304 825 1366; x_wconf 76' lang='lat' dir='ltr'>neqare</span> <span class='ocrx_word' id='word_1_57' title='bbox 874 1286 1308 1348; x_wconf 85' lang='lat' dir='ltr'>sustineat.</span> <span class='ocrx_word' id='word_1_58' title='bbox 1395 1284 1462 1346; x_wconf 87' lang='lat' dir='ltr'>ln</span> <span class='ocrx_word' id='word_1_59' title='bbox 1505 1283 1601 1365; x_wconf 74' lang='lat' dir='ltr'>his</span> <span class='ocrx_word' id='word_1_60' title='bbox 1642 1298 1869 1364; x_wconf 78' lang='lat' dir='ltr'>operae</span> <span class='ocrx_word' id='word_1_61' title='bbox 1912 1282 2166 1362; x_wconf 79' lang='lat' dir='ltr'>pretium</span> <span class='ocrx_word' id='word_1_62' title='bbox 2211 1279 2308 1343; x_wconf 75' lang='lat' dir='ltr'>es’t</span> <span class='ocrx_word' id='word_1_63' title='bbox 2348 1279 2561 1342; x_wconf 84' lang='lat' dir='ltr'>videre</span> 
     </span>
     <span class='ocr_line' id='line_1_9' title="bbox 378 1388 2563 1476; baseline -0.003 -19"><span class='ocrx_word' id='word_1_64' title='bbox 378 1402 754 1476; x_wconf 77' lang='lat' dir='ltr'>quantopere</span> <span class='ocrx_word' id='word_1_65' title='bbox 792 1411 863 1456; x_wconf 86' lang='lat' dir='ltr'>se</span> <span class='ocrx_word' id='word_1_66' title='bbox 906 1400 1180 1473; x_wconf 84' lang='lat' dir='ltr'>torqueat</span> <span class='ocrx_word' id='word_1_67' title='bbox 1203 1393 1581 1455; x_wconf 84' lang='lat' dir='ltr'>Hermannus</span> <span class='ocrx_word' id='word_1_68' title='bbox 1624 1391 1910 1452; x_wconf 81' lang='lat' dir='ltr'>simulans</span> <span class='ocrx_word' id='word_1_69' title='bbox 1952 1388 2015 1451; x_wconf 87' lang='lat' dir='ltr'>id</span> <span class='ocrx_word' id='word_1_70' title='bbox 2059 1396 2128 1452; x_wconf 84' lang='lat' dir='ltr'>s&#39;e</span> <span class='ocrx_word' id='word_1_71' title='bbox 2170 1402 2467 1451; x_wconf 77' lang='lat' dir='ltr'>excusare</span> <span class='ocrx_word' id='word_1_72' title='bbox 2500 1392 2563 1450; x_wconf 90' lang='lat' dir='ltr'>et</span> 
     </span>
     <span class='ocr_line' id='line_1_10' title="bbox 380 1496 1962 1581; baseline -0.004 -15"><span class='ocrx_word' id='word_1_73' title='bbox 380 1503 733 1579; x_wconf 84' lang='lat' dir='ltr'>defendere,</span> <span class='ocrx_word' id='word_1_74' title='bbox 776 1500 936 1581; x_wconf 87' lang='lat' dir='ltr'>quod</span> <span class='ocrx_word' id='word_1_75' title='bbox 980 1502 1196 1562; x_wconf 90' lang='lat' dir='ltr'>ecdem</span> <span class='ocrx_word' id='word_1_76' title='bbox 1237 1507 1518 1580; x_wconf 87' lang='lat' dir='ltr'>tempore.</span> <span class='ocrx_word' id='word_1_77' title='bbox 1556 1496 1962 1579; x_wconf 83' lang='lat' dir='ltr'>reprehendit.</span> 
     </span>
    </p>

    <p class='ocr_par' dir='ltr' id='par_1_2' title="bbox 282 1604 2614 4285">
     <span class='ocr_line' id='line_1_11' title="bbox 544 1604 2600 1693; baseline -0.002 -21"><span class='ocrx_word' id='word_1_78' title='bbox 544 1610 701 1673; x_wconf 82' lang='lat' dir='ltr'>Nihil</span> <span class='ocrx_word' id='word_1_79' title='bbox 746 1617 943 1672; x_wconf 78' lang='lat' dir='ltr'>autem</span> <span class='ocrx_word' id='word_1_80' title='bbox 990 1617 1191 1690; x_wconf 86' lang='lat' dir='ltr'>potest</span> <span class='ocrx_word' id='word_1_81' title='bbox 1237 1611 1432 1691; x_wconf 79' lang='lat' dir='ltr'>magis</span> <span class='ocrx_word' id='word_1_82' title='bbox 1475 1625 1695 1689; x_wconf 79' lang='lat' dir='ltr'>vagum</span> <span class='ocrx_word' id='word_1_83' title='bbox 1739 1620 1879 1669; x_wconf 88' lang='lat' dir='ltr'>esse</span> <span class='ocrx_word' id='word_1_84' title='bbox 1924 1612 1986 1667; x_wconf 85' lang='lat' dir='ltr'>et</span> <span class='ocrx_word' id='word_1_85' title='bbox 2023 1604 2340 1680; x_wconf 81' lang='lat' dir='ltr'>incertum,</span> <span class='ocrx_word' id='word_1_86' title='bbox 2385 1621 2600 1693; x_wconf 23' lang='lat' dir='ltr'>quam-</span> 
     </span>
     <span class='ocr_line' id='line_1_12' title="bbox 383 1712 2567 1799; baseline -0.004 -19"><span class='ocrx_word' id='word_1_87' title='bbox 383 1724 778 1799; x_wconf 82' lang='lat' dir='ltr'>argnmentn‚</span> <span class='ocrx_word' id='word_1_88' title='bbox 847 1718 1062 1799; x_wconf 87' lang='lat' dir='ltr'>quibus</span> <span class='ocrx_word' id='word_1_89' title='bbox 1117 1733 1381 1799; x_wconf 80' lang='lat' dir='ltr'>graecae</span> <span class='ocrx_word' id='word_1_90' title='bbox 1426 1714 1665 1777; x_wconf 80' lang='lat' dir='ltr'>fabulae</span> <span class='ocrx_word' id='word_1_91' title='bbox 1724 1714 2063 1794; x_wconf 84' lang='lat' dir='ltr'>latinaeque</span> <span class='ocrx_word' id='word_1_92' title='bbox 2105 1714 2393 1794; x_wconf 80' lang='lat' dir='ltr'>principia</span> <span class='ocrx_word' id='word_1_93' title='bbox 2443 1712 2567 1772; x_wconf 82' lang='lat' dir='ltr'>dif-</span> 
     </span>
     <span class='ocr_line' id='line_1_13' title="bbox 380 1821 2565 1906; baseline -0.003 -17"><span class='ocrx_word' id='word_1_94' title='bbox 380 1826 545 1889; x_wconf 86' lang='lat' dir='ltr'>ferre</span> <span class='ocrx_word' id='word_1_95' title='bbox 591 1827 674 1888; x_wconf 81' lang='lat' dir='ltr'>ait</span> <span class='ocrx_word' id='word_1_96' title='bbox 717 1843 831 1903; x_wconf 86' lang='lat' dir='ltr'>ec,</span> <span class='ocrx_word' id='word_1_97' title='bbox 885 1824 1049 1906; x_wconf 89' lang='lat' dir='ltr'>quod</span> <span class='ocrx_word' id='word_1_98' title='bbox 1094 1823 1299 1902; x_wconf 85' lang='lat' dir='ltr'>apud</span> <span class='ocrx_word' id='word_1_99' title='bbox 1344 1822 1787 1885; x_wconf 85' lang='lat' dir='ltr'>Terentium</span> <span class='ocrx_word' id='word_1_100' title='bbox 1832 1821 2101 1885; x_wconf 92' lang='lat' dir='ltr'>omnia</span> <span class='ocrx_word' id='word_1_101' title='bbox 2157 1821 2319 1896; x_wconf 86' lang='lat' dir='ltr'>(scil.</span> <span class='ocrx_word' id='word_1_102' title='bbox 2369 1821 2565 1901; x_wconf 78' lang='lat' dir='ltr'>raptio</span> 
     </span>
     <span class='ocr_line' id='line_1_14' title="bbox 380 1928 2568 2012; baseline -0.002 -19"><span class='ocrx_word' id='word_1_103' title='bbox 380 1930 702 2012; x_wconf 80' lang='lat' dir='ltr'>psaltriae)</span> <span class='ocrx_word' id='word_1_104' title='bbox 746 1931 1037 1993; x_wconf 88' lang='lat' dir='ltr'>nescio</span> <span class='ocrx_word' id='word_1_105' title='bbox 1079 1928 1439 1993; x_wconf 73' lang='lat' dir='ltr'>Mic-ione</span> <span class='ocrx_word' id='word_1_106' title='bbox 1476 1935 1899 2011; x_wconf 75' lang='lat' dir='ltr'>qerantur,</span> <span class='ocrx_word' id='word_1_107' title='bbox 1942 1930 2192 2008; x_wconf 90' lang='lat' dir='ltr'>isque</span> <span class='ocrx_word' id='word_1_108' title='bbox 2228 1933 2568 2007; x_wconf 81' lang='lat' dir='ltr'>peracta</span> 
     </span>
     <span class='ocr_line' id='line_1_15' title="bbox 382 2035 2571 2120; baseline -0.001 -19"><span class='ocrx_word' id='word_1_109' title='bbox 382 2039 667 2117; x_wconf 74' lang='lat' dir='ltr'>demum</span> <span class='ocrx_word' id='word_1_110' title='bbox 705 2057 786 2099; x_wconf 88' lang='lat' dir='ltr'>re</span> <span class='ocrx_word' id='word_1_111' title='bbox 828 2038 1141 2100; x_wconf 86' lang='lat' dir='ltr'>certior</span> <span class='ocrx_word' id='word_1_112' title='bbox 1181 2039 1466 2119; x_wconf 82' lang='lat' dir='ltr'>factus</span> <span class='ocrx_word' id='word_1_113' title='bbox 1503 2037 1846 2120; x_wconf 78' lang='lat' dir='ltr'>facinus</span> <span class='ocrx_word' id='word_1_114' title='bbox 1890 2037 2324 2112; x_wconf 81' lang='lat' dir='ltr'>collaudet,</span> <span class='ocrx_word' id='word_1_115' title='bbox 2368 2035 2571 2116; x_wconf 86' lang='lat' dir='ltr'>apud</span> 
     </span>
     <span class='ocr_line' id='line_1_16' title="bbox 384 2145 2568 2210; baseline -0.001 -2"><span class='ocrx_word' id='word_1_116' title='bbox 384 2147 915 2209; x_wconf 79' lang='lat' dir='ltr'>Menandrum</span> <span class='ocrx_word' id='word_1_117' title='bbox 971 2154 1227 2210; x_wconf 84' lang='lat' dir='ltr'>autem</span> <span class='ocrx_word' id='word_1_118' title='bbox 1278 2147 1546 2210; x_wconf 87' lang='lat' dir='ltr'>statim</span> <span class='ocrx_word' id='word_1_119' title='bbox 1591 2147 2034 2209; x_wconf 84' lang='lat' dir='ltr'>redeuntes</span> <span class='ocrx_word' id='word_1_120' title='bbox 2085 2163 2129 2208; x_wconf 91' lang='lat' dir='ltr'>a</span> <span class='ocrx_word' id='word_1_121' title='bbox 2189 2145 2568 2208; x_wconf 87' lang='lat' dir='ltr'>commis-</span> 
     </span>
     <span class='ocr_line' id='line_1_17' title="bbox 383 2244 2571 2335; baseline -0 -20"><span class='ocrx_word' id='word_1_122' title='bbox 383 2244 710 2316; x_wconf 83' lang='lat' dir='ltr'>satione</span> <span class='ocrx_word' id='word_1_123' title='bbox 748 2253 958 2335; x_wconf 86' lang='lat' dir='ltr'>apud</span> <span class='ocrx_word' id='word_1_124' title='bbox 992 2272 1078 2317; x_wconf 89' lang='lat' dir='ltr'>se</span> <span class='ocrx_word' id='word_1_125' title='bbox 1119 2255 1563 2335; x_wconf 81' lang='lat' dir='ltr'>receperit,</span> <span class='ocrx_word' id='word_1_126' title='bbox 1616 2271 1860 2334; x_wconf 88' lang='lat' dir='ltr'>eoque</span> <span class='ocrx_word' id='word_1_127' title='bbox 1916 2254 2145 2316; x_wconf 92' lang='lat' dir='ltr'>modo</span> <span class='ocrx_word' id='word_1_128' title='bbox 2210 2258 2571 2315; x_wconf 84' lang='lat' dir='ltr'>nontam</span> 
     </span>
     <span class='ocr_line' id='line_1_18' title="bbox 384 2360 2571 2458; baseline 0.001 -36"><span class='ocrx_word' id='word_1_129' title='bbox 384 2360 647 2444; x_wconf 83' lang='lat' dir='ltr'>lenem</span> <span class='ocrx_word' id='word_1_130' title='bbox 689 2368 761 2422; x_wconf 87' lang='lat' dir='ltr'>et</span> <span class='ocrx_word' id='word_1_131' title='bbox 802 2361 1313 2427; x_wconf 86' lang='lat' dir='ltr'>imbecillum</span> <span class='ocrx_word' id='word_1_132' title='bbox 1344 2362 1429 2443; x_wconf 78' lang='lat' dir='ltr'>(I)</span> <span class='ocrx_word' id='word_1_133' title='bbox 1480 2380 1789 2458; x_wconf 57' lang='lat' dir='ltr'>senem,</span> <span class='ocrx_word' id='word_1_134' title='bbox 1846 2362 1987 2426; x_wconf 92' lang='lat' dir='ltr'>sed</span> <span class='ocrx_word' id='word_1_135' title='bbox 2039 2361 2571 2441; x_wconf 84' lang='lat' dir='ltr'>Periplecto-</span> 
     </span>
     <span class='ocr_line' id='line_1_19' title="bbox 385 2469 2572 2552; baseline 0.001 -21"><span class='ocrx_word' id='word_1_136' title='bbox 385 2471 641 2533; x_wconf 81' lang='lat' dir='ltr'>menis</span> <span class='ocrx_word' id='word_1_137' title='bbox 696 2470 944 2533; x_wconf 89' lang='lat' dir='ltr'>illius</span> <span class='ocrx_word' id='word_1_138' title='bbox 986 2470 1366 2548; x_wconf 78' lang='lat' dir='ltr'>Plautini</span> <span class='ocrx_word' id='word_1_139' title='bbox 1411 2472 1692 2535; x_wconf 88' lang='lat' dir='ltr'>instar</span> <span class='ocrx_word' id='word_1_140' title='bbox 1759 2472 2118 2536; x_wconf 73' lang='lat' dir='ltr'>hilarem</span> <span class='ocrx_word' id='word_1_141' title='bbox 2176 2477 2252 2534; x_wconf 84' lang='lat' dir='ltr'>et</span> <span class='ocrx_word' id='word_1_142' title='bbox 2305 2469 2572 2552; x_wconf 81' lang='lat' dir='ltr'>festi-</span> 
     </span>
     <span class='ocr_line' id='line_1_20' title="bbox 384 2580 2575 2662; baseline 0.001 -22"><span class='ocrx_word' id='word_1_143' title='bbox 384 2597 554 2644; x_wconf 84' lang='lat' dir='ltr'>vum</span> <span class='ocrx_word' id='word_1_144' title='bbox 592 2588 1233 2660; x_wconf 80' lang='lat' dir='ltr'>cooperatorem</span> <span class='ocrx_word' id='word_1_145' title='bbox 1271 2600 1354 2645; x_wconf 88' lang='lat' dir='ltr'>se</span> <span class='ocrx_word' id='word_1_146' title='bbox 1394 2581 1935 2645; x_wconf 72' lang='lat' dir='ltr'>emhibuerit?</span> <span class='ocrx_word' id='word_1_147' title='bbox 2015 2581 2184 2648; x_wconf 83' lang='lat' dir='ltr'>Haec</span> <span class='ocrx_word' id='word_1_148' title='bbox 2226 2580 2575 2662; x_wconf 78' lang='lat' dir='ltr'>disputatiO,</span> 
     </span>
     <span class='ocr_line' id='line_1_21' title="bbox 384 2689 2571 2773; baseline 0 -24"><span class='ocrx_word' id='word_1_149' title='bbox 384 2705 499 2769; x_wconf 85' lang='lat' dir='ltr'>qua</span> <span class='ocrx_word' id='word_1_150' title='bbox 542 2705 666 2751; x_wconf 89' lang='lat' dir='ltr'>non</span> <span class='ocrx_word' id='word_1_151' title='bbox 695 2689 877 2753; x_wconf 88' lang='lat' dir='ltr'>modo</span> <span class='ocrx_word' id='word_1_152' title='bbox 906 2690 968 2770; x_wconf 81' lang='lat' dir='ltr'>in</span> <span class='ocrx_word' id='word_1_153' title='bbox 1008 2707 1329 2754; x_wconf 80' lang='lat' dir='ltr'>scenarum</span> <span class='ocrx_word' id='word_1_154' title='bbox 1365 2690 1758 2773; x_wconf 77' lang='lat' dir='ltr'>dispositione</span> <span class='ocrx_word' id='word_1_155' title='bbox 1797 2692 2171 2771; x_wconf 80' lang='lat' dir='ltr'>varietatem,</span> <span class='ocrx_word' id='word_1_156' title='bbox 2198 2690 2311 2754; x_wconf 88' lang='lat' dir='ltr'>sed</span> <span class='ocrx_word' id='word_1_157' title='bbox 2339 2690 2402 2751; x_wconf 87' lang='lat' dir='ltr'>in</span> <span class='ocrx_word' id='word_1_158' title='bbox 2427 2705 2571 2751; x_wconf 88' lang='lat' dir='ltr'>mo-</span> 
     </span>
     <span class='ocr_line' id='line_1_22' title="bbox 383 2795 2575 2879; baseline 0.001 -23"><span class='ocrx_word' id='word_1_159' title='bbox 383 2795 551 2856; x_wconf 83' lang='lat' dir='ltr'>ribus</span> <span class='ocrx_word' id='word_1_160' title='bbox 591 2796 935 2858; x_wconf 84' lang='lat' dir='ltr'>Terentiani</span> <span class='ocrx_word' id='word_1_161' title='bbox 976 2797 1447 2879; x_wconf 79' lang='lat' dir='ltr'>Menandreiqne</span> <span class='ocrx_word' id='word_1_162' title='bbox 1487 2801 1653 2862; x_wconf 89' lang='lat' dir='ltr'>senis</span> <span class='ocrx_word' id='word_1_163' title='bbox 1710 2798 2118 2863; x_wconf 73' lang='lat' dir='ltr'>diversitatem</span> <span class='ocrx_word' id='word_1_164' title='bbox 2159 2815 2285 2862; x_wconf 91' lang='lat' dir='ltr'>non</span> <span class='ocrx_word' id='word_1_165' title='bbox 2331 2797 2575 2860; x_wconf 85' lang='lat' dir='ltr'>medio-</span> 
     </span>
     <span class='ocr_line' id='line_1_23' title="bbox 387 2904 2569 2991; baseline 0.001 -25"><span class='ocrx_word' id='word_1_166' title='bbox 387 2920 554 2966; x_wconf 85' lang='lat' dir='ltr'>crem</span> <span class='ocrx_word' id='word_1_167' title='bbox 592 2904 848 2968; x_wconf 86' lang='lat' dir='ltr'>subesse</span> <span class='ocrx_word' id='word_1_168' title='bbox 887 2905 1237 2986; x_wconf 78' lang='lat' dir='ltr'>contendit,</span> <span class='ocrx_word' id='word_1_169' title='bbox 1302 2908 1618 2971; x_wconf 78' lang='lat' dir='ltr'>videamns</span> <span class='ocrx_word' id='word_1_170' title='bbox 1667 2909 1881 2991; x_wconf 81' lang='lat' dir='ltr'>quibus</span> <span class='ocrx_word' id='word_1_171' title='bbox 1913 2909 2138 2971; x_wconf 80' lang='lat' dir='ltr'>nitatur</span> <span class='ocrx_word' id='word_1_172' title='bbox 2176 2908 2569 2990; x_wconf 81' lang='lat' dir='ltr'>argumentis.</span> 
     </span>
     <span class='ocr_line' id='line_1_24' title="bbox 282 3003 2574 3100; baseline 0.001 -26"><span class='ocrx_word' id='word_1_173' title='bbox 282 3032 301 3100; x_wconf 81' lang='lat'>⁴.</span> <span class='ocrx_word' id='word_1_174' title='bbox 388 3011 459 3074; x_wconf 88' lang='lat' dir='ltr'>Si</span> <span class='ocrx_word' id='word_1_175' title='bbox 498 3012 747 3092; x_wconf 88' lang='lat' dir='ltr'>medios,</span> <span class='ocrx_word' id='word_1_176' title='bbox 790 3014 874 3076; x_wconf 82' lang='lat' dir='ltr'>ait</span> <span class='ocrx_word' id='word_1_177' title='bbox 898 3003 1295 3093; x_wconf 84' lang='lat' dir='ltr'>Hermannus,</span> <span class='ocrx_word' id='word_1_178' title='bbox 1331 3014 1586 3096; x_wconf 76' lang='lat' dir='ltr'>fabulae</span> <span class='ocrx_word' id='word_1_179' title='bbox 1617 3011 1799 3078; x_wconf 70' lang='lat' dir='ltr'>‘actus</span> <span class='ocrx_word' id='word_1_180' title='bbox 1841 3014 2184 3095; x_wconf 82' lang='lat' dir='ltr'>sequimur,</span> <span class='ocrx_word' id='word_1_181' title='bbox 2218 3032 2373 3095; x_wconf 88' lang='lat' dir='ltr'>quos</span> <span class='ocrx_word' id='word_1_182' title='bbox 2411 3015 2574 3076; x_wconf 84' lang='lat' dir='ltr'>inte-</span> 
     </span>
     <span class='ocr_line' id='line_1_25' title="bbox 384 3103 2572 3202; baseline 0.001 -21"><span class='ocrx_word' id='word_1_183' title='bbox 384 3138 531 3200; x_wconf 81' lang='lat' dir='ltr'>qros</span> <span class='ocrx_word' id='word_1_184' title='bbox 574 3103 961 3183; x_wconf 80' lang='lat' dir='ltr'>transtulisse</span> <span class='ocrx_word' id='word_1_185' title='bbox 1010 3119 1325 3185; x_wconf 82' lang='lat' dir='ltr'>Terentius</span> <span class='ocrx_word' id='word_1_186' title='bbox 1365 3122 1606 3185; x_wconf 80' lang='lat' dir='ltr'>videtur</span> <span class='ocrx_word' id='word_1_187' title='bbox 1624 3169 1643 3202; x_wconf 95' lang='lat'>,</span> <span class='ocrx_word' id='word_1_188' title='bbox 1697 3121 2194 3185; x_wconf 75' lang='lat' dir='ltr'>verisimillimum</span> <span class='ocrx_word' id='word_1_189' title='bbox 2237 3121 2392 3200; x_wconf 86' lang='lat' dir='ltr'>erit,</span> <span class='ocrx_word' id='word_1_190' title='bbox 2432 3121 2572 3184; x_wconf 84' lang='lat' dir='ltr'>Me-</span> 
     </span>
     <span class='ocr_line' id='line_1_26' title="bbox 386 3229 2614 3311; baseline -0.001 -21"><span class='ocrx_word' id='word_1_191' title='bbox 386 3229 688 3291; x_wconf 86' lang='lat' dir='ltr'>nandrum</span> <span class='ocrx_word' id='word_1_192' title='bbox 746 3234 932 3290; x_wconf 86' lang='lat' dir='ltr'>totam</span> <span class='ocrx_word' id='word_1_193' title='bbox 994 3231 1289 3294; x_wconf 86' lang='lat' dir='ltr'>actionem</span> <span class='ocrx_word' id='word_1_194' title='bbox 1326 3232 1418 3294; x_wconf 78' lang='lat' dir='ltr'>ita</span> <span class='ocrx_word' id='word_1_195' title='bbox 1461 3231 1795 3295; x_wconf 82' lang='lat' dir='ltr'>instituisse</span> <span class='ocrx_word' id='word_1_196' title='bbox 1817 3277 1838 3311; x_wconf 94' lang='lat'>,</span> <span class='ocrx_word' id='word_1_197' title='bbox 1897 3236 1967 3292; x_wconf 89' lang='lat' dir='ltr'>ut</span> <span class='ocrx_word' id='word_1_198' title='bbox 2011 3229 2295 3294; x_wconf 84' lang='lat' dir='ltr'>Micionis</span> <span class='ocrx_word' id='word_1_199' title='bbox 2335 3231 2614 3294; x_wconf 74' lang='lat' dir='ltr'>animus.</span> 
     </span>
     <span class='ocr_line' id='line_1_27' title="bbox 385 3337 2573 3421; baseline 0.001 -22"><span class='ocrx_word' id='word_1_200' title='bbox 385 3338 540 3400; x_wconf 84' lang='lat' dir='ltr'>lenis</span> <span class='ocrx_word' id='word_1_201' title='bbox 589 3344 650 3401; x_wconf 89' lang='lat' dir='ltr'>et</span> <span class='ocrx_word' id='word_1_202' title='bbox 683 3345 982 3419; x_wconf 89' lang='lat' dir='ltr'>paternus</span> <span class='ocrx_word' id='word_1_203' title='bbox 1025 3340 1382 3403; x_wconf 85' lang='lat' dir='ltr'>clarissimis</span> <span class='ocrx_word' id='word_1_204' title='bbox 1425 3359 1666 3421; x_wconf 81' lang='lat' dir='ltr'>semper</span> <span class='ocrx_word' id='word_1_205' title='bbox 1690 3338 2012 3404; x_wconf 86' lang='lat' dir='ltr'>luminibus</span> <span class='ocrx_word' id='word_1_206' title='bbox 2035 3337 2394 3421; x_wconf 81' lang='lat' dir='ltr'>splenderet,</span> <span class='ocrx_word' id='word_1_207' title='bbox 2435 3339 2573 3401; x_wconf 70' lang='lat' dir='ltr'>De:-</span> 
     </span>
     <span class='ocr_line' id='line_1_28' title="bbox 384 3444 2577 3527; baseline 0.001 -19"><span class='ocrx_word' id='word_1_208' title='bbox 384 3462 523 3508; x_wconf 85' lang='lat' dir='ltr'>mea</span> <span class='ocrx_word' id='word_1_209' title='bbox 587 3450 788 3507; x_wconf 87' lang='lat' dir='ltr'>autem</span> <span class='ocrx_word' id='word_1_210' title='bbox 846 3444 1200 3527; x_wconf 64' lang='lat' dir='ltr'>obiurgator</span> <span class='ocrx_word' id='word_1_211' title='bbox 1237 3452 1384 3525; x_wconf 85' lang='lat' dir='ltr'>post</span> <span class='ocrx_word' id='word_1_212' title='bbox 1424 3446 1767 3510; x_wconf 78' lang='lat' dir='ltr'>diuturnam</span> <span class='ocrx_word' id='word_1_213' title='bbox 1811 3446 2160 3510; x_wconf 81' lang='lat' dir='ltr'>irrisionem</span> <span class='ocrx_word' id='word_1_214' title='bbox 2195 3448 2418 3511; x_wconf 88' lang='lat' dir='ltr'>stolida</span> <span class='ocrx_word' id='word_1_215' title='bbox 2455 3465 2577 3511; x_wconf 84' lang='lat' dir='ltr'>sua</span> 
     </span>
     <span class='ocr_line' id='line_1_29' title="bbox 385 3553 2572 3636; baseline 0.001 -22"><span class='ocrx_word' id='word_1_216' title='bbox 385 3553 610 3630; x_wconf 70' lang='lat' dir='ltr'>fiducia</span> <span class='ocrx_word' id='word_1_217' title='bbox 651 3571 952 3616; x_wconf 76' lang='lat' dir='ltr'>eoecussus</span> <span class='ocrx_word' id='word_1_218' title='bbox 988 3559 1298 3633; x_wconf 86' lang='lat' dir='ltr'>postremo</span> <span class='ocrx_word' id='word_1_219' title='bbox 1338 3553 1473 3634; x_wconf 87' lang='lat' dir='ltr'>ipse</span> <span class='ocrx_word' id='word_1_220' title='bbox 1512 3554 1790 3617; x_wconf 88' lang='lat' dir='ltr'>manibus</span> <span class='ocrx_word' id='word_1_221' title='bbox 1825 3555 2200 3636; x_wconf 82' lang='lat' dir='ltr'>pedibusque</span> <span class='ocrx_word' id='word_1_222' title='bbox 2250 3556 2337 3620; x_wconf 87' lang='lat' dir='ltr'>ad</span> <span class='ocrx_word' id='word_1_223' title='bbox 2373 3556 2572 3619; x_wconf 77' lang='lat' dir='ltr'>bosti-</span> 
     </span>
     <span class='ocr_line' id='line_1_30' title="bbox 388 3659 2577 3746; baseline 0.003 -25"><span class='ocrx_word' id='word_1_224' title='bbox 388 3659 477 3721; x_wconf 88' lang='lat' dir='ltr'>lia</span> <span class='ocrx_word' id='word_1_225' title='bbox 514 3660 690 3741; x_wconf 80' lang='lat' dir='ltr'>siqna</span> <span class='ocrx_word' id='word_1_226' title='bbox 730 3662 1141 3743; x_wconf 76' lang='lat' dir='ltr'>transfuqeret</span> <span class='ocrx_word' id='word_1_227' title='bbox 1175 3675 1364 3742; x_wconf 90' lang='lat' dir='ltr'>eoque</span> <span class='ocrx_word' id='word_1_228' title='bbox 1395 3668 1583 3742; x_wconf 85' lang='lat' dir='ltr'>pacto</span> <span class='ocrx_word' id='word_1_229' title='bbox 1628 3669 2042 3743; x_wconf 65' lang='lat' dir='ltr'>argumentum</span> <span class='ocrx_word' id='word_1_230' title='bbox 2059 3711 2080 3745; x_wconf 94' lang='lat'>,</span> <span class='ocrx_word' id='word_1_231' title='bbox 2121 3680 2161 3746; x_wconf 85' lang='lat' dir='ltr'>q</span> <span class='ocrx_word' id='word_1_232' title='bbox 2176 3663 2324 3727; x_wconf 85' lang='lat' dir='ltr'>uod</span> <span class='ocrx_word' id='word_1_233' title='bbox 2362 3682 2407 3725; x_wconf 91' lang='lat' dir='ltr'>n</span> <span class='ocrx_word' id='word_1_234' title='bbox 2421 3681 2519 3725; x_wconf 90' lang='lat' dir='ltr'>un</span> <span class='ocrx_word' id='word_1_235' title='bbox 2540 3682 2577 3727; x_wconf 90' lang='lat' dir='ltr'>o</span> 
     </span>
     <span class='ocr_line' id='line_1_31' title="bbox 388 3766 2575 3853; baseline 0.003 -26"><span class='ocrx_word' id='word_1_236' title='bbox 388 3766 640 3829; x_wconf 83' lang='lat' dir='ltr'>varia</span> <span class='ocrx_word' id='word_1_237' title='bbox 682 3773 759 3829; x_wconf 88' lang='lat' dir='ltr'>et</span> <span class='ocrx_word' id='word_1_238' title='bbox 794 3769 1394 3849; x_wconf 71' lang='lat' dir='ltr'>inexspectata</span> <span class='ocrx_word' id='word_1_239' title='bbox 1435 3770 2060 3835; x_wconf 82' lang='lat' dir='ltr'>vicissitudine</span> <span class='ocrx_word' id='word_1_240' title='bbox 2119 3770 2359 3851; x_wconf 83' lang='lat' dir='ltr'>quasi</span> <span class='ocrx_word' id='word_1_241' title='bbox 2410 3771 2575 3853; x_wconf 79' lang='lat' dir='ltr'>flu-</span> 
     </span>
     <span class='ocr_line' id='line_1_32' title="bbox 392 3872 2575 3970; baseline 0.004 -34"><span class='ocrx_word' id='word_1_242' title='bbox 392 3872 720 3952; x_wconf 71' lang='lat' dir='ltr'>ctuatsl)</span> <span class='ocrx_word' id='word_1_243' title='bbox 746 3918 765 3951; x_wconf 93' lang='lat'>,</span> <span class='ocrx_word' id='word_1_244' title='bbox 832 3875 1096 3956; x_wconf 82' lang='lat' dir='ltr'>simplici</span> <span class='ocrx_word' id='word_1_245' title='bbox 1155 3884 1336 3957; x_wconf 82' lang='lat' dir='ltr'>atque</span> <span class='ocrx_word' id='word_1_246' title='bbox 1390 3879 1699 3970; x_wconf 80' lang='lat' dir='ltr'>aequabili</span> <span class='ocrx_word' id='word_1_247' title='bbox 1749 3880 1853 3960; x_wconf 81' lang='lat' dir='ltr'>filo</span> <span class='ocrx_word' id='word_1_248' title='bbox 1891 3880 1978 3944; x_wconf 90' lang='lat' dir='ltr'>ad</span> <span class='ocrx_word' id='word_1_249' title='bbox 2012 3880 2193 3961; x_wconf 74' lang='lat' dir='ltr'>finem</span> <span class='ocrx_word' id='word_1_250' title='bbox 2234 3878 2575 3945; x_wconf 82' lang='lat' dir='ltr'>deduceret.</span> 
     </span>
     <span class='ocr_line' id='line_1_33' title="bbox 388 3980 2579 4069; baseline 0.003 -26"><span class='ocrx_word' id='word_1_251' title='bbox 388 3980 548 4062; x_wconf 82' lang='lat' dir='ltr'>Huic</span> <span class='ocrx_word' id='word_1_252' title='bbox 589 3986 790 4043; x_wconf 86' lang='lat' dir='ltr'>autem</span> <span class='ocrx_word' id='word_1_253' title='bbox 825 3982 1092 4047; x_wconf 71' lang='lat' dir='ltr'>instincto</span> <span class='ocrx_word' id='word_1_254' title='bbox 1127 3987 1310 4049; x_wconf 87' lang='lat' dir='ltr'>multo</span> <span class='ocrx_word' id='word_1_255' title='bbox 1346 3988 1626 4066; x_wconf 84' lang='lat' dir='ltr'>profecto</span> <span class='ocrx_word' id='word_1_256' title='bbox 1667 3988 1861 4069; x_wconf 72' lang='lat' dir='ltr'>maqis</span> <span class='ocrx_word' id='word_1_257' title='bbox 1894 3987 2305 4066; x_wconf 78' lang='lat' dir='ltr'>conveniebat,</span> <span class='ocrx_word' id='word_1_258' title='bbox 2349 3994 2420 4049; x_wconf 89' lang='lat' dir='ltr'>ut</span> <span class='ocrx_word' id='word_1_259' title='bbox 2440 3994 2579 4050; x_wconf 86' lang='lat' dir='ltr'>sta.</span> 
     </span>
     <span class='ocr_line' id='line_1_34' title="bbox 390 4088 2583 4177; baseline 0.002 -25"><span class='ocrx_word' id='word_1_260' title='bbox 390 4088 496 4152; x_wconf 84' lang='lat' dir='ltr'>tim</span> <span class='ocrx_word' id='word_1_261' title='bbox 538 4089 619 4152; x_wconf 90' lang='lat' dir='ltr'>ab</span> <span class='ocrx_word' id='word_1_262' title='bbox 666 4088 840 4153; x_wconf 85' lang='lat' dir='ltr'>initio</span> <span class='ocrx_word' id='word_1_263' title='bbox 880 4101 1215 4171; x_wconf 86' lang='lat' dir='ltr'>appareret</span> <span class='ocrx_word' id='word_1_264' title='bbox 1228 4141 1247 4173; x_wconf 93' lang='lat'>,</span> <span class='ocrx_word' id='word_1_265' title='bbox 1287 4101 1515 4175; x_wconf 87' lang='lat' dir='ltr'>quanto</span> <span class='ocrx_word' id='word_1_266' title='bbox 1557 4095 1625 4160; x_wconf 85' lang='lat' dir='ltr'>in</span> <span class='ocrx_word' id='word_1_267' title='bbox 1668 4114 1887 4159; x_wconf 85' lang='lat' dir='ltr'>errore</span> <span class='ocrx_word' id='word_1_268' title='bbox 1927 4095 2159 4159; x_wconf 89' lang='lat' dir='ltr'>Demea</span> <span class='ocrx_word' id='word_1_269' title='bbox 2199 4101 2583 4177; x_wconf 83' lang='lat' dir='ltr'>versaretur,</span> 
     </span>
     <span class='ocr_line' id='line_1_35' title="bbox 389 4196 2580 4285; baseline 0.002 -23"><span class='ocrx_word' id='word_1_270' title='bbox 389 4209 572 4279; x_wconf 83' lang='lat' dir='ltr'>quum</span> <span class='ocrx_word' id='word_1_271' title='bbox 612 4196 980 4264; x_wconf 70' lang='lat' dir='ltr'>Aeschinum</span> <span class='ocrx_word' id='word_1_272' title='bbox 1018 4200 1158 4283; x_wconf 88' lang='lat' dir='ltr'>sibi,</span> <span class='ocrx_word' id='word_1_273' title='bbox 1200 4221 1324 4266; x_wconf 88' lang='lat' dir='ltr'>non</span> <span class='ocrx_word' id='word_1_274' title='bbox 1369 4198 1718 4285; x_wconf 77' lang='lat' dir='ltr'>Ctesiphoni</span> <span class='ocrx_word' id='word_1_275' title='bbox 1752 4202 2079 4285; x_wconf 85' lang='lat' dir='ltr'>psaltriam</span> <span class='ocrx_word' id='word_1_276' title='bbox 2117 4203 2406 4285; x_wconf 85' lang='lat' dir='ltr'>rapuisse</span> <span class='ocrx_word' id='word_1_277' title='bbox 2428 4221 2580 4267; x_wconf 87' lang='lat' dir='ltr'>cen-</span> 
     </span>
    </p>
   </div>
  </div>
 </body>
</html>
