2942 4849
1341 288 1839 361 ...16-

493 473 678 539 Vides
743 473 899 537 enim
955 474 1263 555 utriusque
1326 474 1680 539 comoediae
1736 492 2002 558 graecae
2059 493 2355 558 personas
2414 483 2475 544 in
2529 501 2653 547 non

478 584 698 665 *paucis
736 581 939 645 scenis
979 584 1062 645 ita
1106 583 1666 662 coniunctasesse,
1708 592 1775 645 ut
1820 602 1855 645 e
1897 592 2109 648 neutra
2156 586 2486 652 fabularum
2527 591 2666 654 Me-

489 691 891 755 nandrearum
935 708 1049 753 eae
1090 707 1317 753 scenae
1360 691 1558 776 fluere
1576 692 1890 755 videantur
1913 695 2198 773 potuisse.
2265 695 2350 760 lta
2384 698 2444 760 in
2477 716 2664 765 scena

488 798 560 862 11.
605 800 644 861 2
691 800 926 865 Gnatho
966 799 1266 880 parasitus
1319 805 1412 861 est
1467 808 1528 862 et
1583 802 1875 863 Parmeno
1934 820 2184 882 servus,
2239 823 2426 868 scena
2484 808 2581 870 111.
2632 814 2660 871 1

489 908 719 973 Thraso
767 908 943 990 miles¹
984 894 1118 969 cum
1143 907 1461 1001 Gnathone
1488 914 1551 971 et
1580 910 1970 986 Parmenone,
2009 928 2193 974 scena
2219 914 2314 979 111.
2334 916 2373 976 2
2418 915 2667 996 Thraso,
2702 943 2705 946 ⁴

489 1018 744 1095 Gnatho,
782 1016 961 1079 Thais
1002 1020 1304 1095 meretrix,
1345 1018 1658 1097 Parmeno,
1685 1019 1952 1100 Pythias.
2036 1018 2130 1081 Ex
2168 1019 2457 1100 Eunucho
2482 1043 2666 1106 porro

482 1124 771 1189 translata
810 1131 903 1188 est
930 1142 1193 1205 persona
1231 1126 1586 1204 Chremetis,
1630 1145 1805 1208 quem
1844 1127 2116 1191 videmus
2152 1130 2488 1194 arctissime
2526 1152 2662 1197 cum

487 1217 737 1298 Colacis-
768 1236 1047 1315 personis
1092 1236 1154 1297 in
1193 1235 1383 1301 latina
1424 1236 1627 1299 fabula
1672 1253 1811 1301 esse
1857 1237 2259 1314 coniunctum,
2305 1239 2519 1319 quippe
2562 1244 2664 1322 qui

478 1345 545 1406 in
593 1360 787 1406 coena
830 1343 1146 1409 accumbat
1188 1362 1322 1406 cum
1379 1343 1608 1405 Thaide
1654 1343 1956 1424 militeque
2002 1350 2064 1405 et
2109 1360 2290 1407 causa
2339 1345 2417 1408 sit
2464 1351 2664 1412 exorti

484 1454 655 1515 inter.
685 1469 794 1516 eos
838 1452 1018 1533 iurgii
1062 1450 1192 1527 (IV.
1222 1454 1317 1530 1).
1403 1449 1569 1514 Idem
1614 1466 1801 1521 scena
1832 1450 1927 1513 IV.
1961 1451 1996 1514 7
2052 1459 2262 1515 contra
2290 1453 2662 1519 Thrasonem

476 1562 728 1644 eiusque
790 1561 1121 1625 exereitum
1171 1557 1442 1627 defendit
1497 1558 1737 1622 domum
1794 1561 2149 1627 meretricis.
2267 1560 2539 1642 Denique
2598 1564 2664 1629 in

474 1678 777 1754 postrema
819 1685 1005 1733 scena
1044 1675 1245 1750 partes
1290 1675 1428 1731 sunt
1470 1667 1801 1746 Chaereae,
1842 1669 2264 1747 ParmenoniS,
2302 1670 2659 1751 Phaedriae,

476 1781 578 1860 qui
620 1795 830 1841 omnes
871 1778 1173 1858 pertinent
1214 1777 1291 1841 ad
1337 1776 1688 1843 Eunuchum
1731 1784 1792 1838 et
1834 1777 2160 1842 Thrasonis
2203 1796 2337 1841 cum
2366 1781 2655 1860 parasito.

471 1889 625 1952 Hinc
672 1889 868 1950 statim
930 1886 1278 1968 intelligitur
1315 1904 1591 1967 magnam
1651 1886 1860 1949 harum
1904 1904 2223 1950 scenarum
2267 1895 2495 1968 partem
2536 1907 2662 1952 non

468 1998 737 2082 potuisse
807 1990 1167 2059 immutatam
1232 2012 1311 2056 ex
1377 1994 1600 2066 Colace
1667 1994 1930 2072 desumi3
2000 1998 2131 2058 eius
2192 1999 2352 2059 enim
2420 1996 2659 2059 fabulae

471 2122 812 2190 personae,
882 2105 1110 2167 Thraso
1176 2109 1237 2165 et
1306 2101 1538 2165 Gnatho
1586 2103 1660 2164 ab
1729 2102 2000 2167 Eunuchi
2075 2112 2427 2186 argumento
2487 2112 2663 2168 erant

458 2216 726 2294 alienae,
769 2232 847 2276 ex
887 2231 1004 2294 quo
1052 2213 1406 2274 necessario
1452 2212 1876 2292 consequitur,
1925 2212 2190 2275 Terentii
2234 2213 2424 2276 verba
2465 2214 2653 2294 (prol.

411 2409 417 2418 Ι
468 2325 551 2389 30
581 2334 743 2405 sqq.)
787 2323 1001 2404 quihus
1047 2322 1371 2403 parasitum
1415 2326 1476 2381 et
1515 2320 1759 2381 militem
1806 2320 1881 2381 de
1922 2320 2145 2382 Colace
2207 2314 2276 2387 se
2333 2329 2657 2385 mutuatum

470 2435 633 2512 dicit,
674 2449 799 2495 non
841 2433 918 2495 ad
962 2432 1242 2495 amussim
1287 2446 1427 2493 esse
1473 2429 1773 2512 exigenda
1817 2432 1922 2508 ita,
1964 2437 2027 2491 ut
2047 2429 2316 2511 integras
2358 2449 2465 2494 eas
2504 2450 2656 2513 per-

469 2537 673 2608 sonas
732 2542 876 2606 inde
937 2542 1205 2605 dicamus
1264 2541 1582 2621 migrasse.
1678 2539 1758 2601 At
1816 2557 1896 2601 ne
1966 2539 2138 2601 solae
2207 2540 2443 2620 quidem
2516 2539 2655 2601 illae

376 2641 381 2652 ⁴
467 2670 547 2713 ex
594 2650 817 2715 Colace
857 2656 994 2714 sunt
1036 2648 1356 2728 adscitae,
1414 2665 1768 2729 quamquam
1826 2647 2042 2710 nullam
2105 2646 2278 2708 aliam
2308 2641 2646 2707 'Terentius

463 2761 810 2848 nominavit.
911 2759 1087 2821 Certe
1129 2758 1365 2838 Sanga,
1430 2758 1530 2837 qui
1574 2761 1669 2817 est
1709 2757 1772 2817 in
1819 2755 2019 2817 militis
2065 2755 2335 2817 exercitu
2373 2754 2501 2831 (IV.
2549 2753 2647 2828 7),

460 2870 737 2953 profecto
784 2884 920 2929 cum
951 2873 1074 2929 tota
1125 2881 1333 2943 scena,
1373 2864 1434 2926 in
1480 2882 1595 2944 qua
1636 2870 1748 2940 est,
1789 2862 2064 2925 eColace
2103 2863 2381 2925 accessit.
2446 2862 2645 2936 Quare

463 2982 592 3044 iure
636 2985 847 3042 nostro
891 2976 1187 3058 suspicari
1226 2990 1584 3055 possumus,
1628 2973 1842 3034 eadem
1897 2971 2265 3050 negligentia
2305 2970 2644 3031 Terentium

462 3091 612 3155 alias
659 3103 955 3171 personas
998 3084 1420 3166 praeteriisse,
1466 3097 1616 3162 quas
1660 3097 1696 3141 e
1740 3076 1961 3141 Colace
2023 3076 2408 3157 transtulerit,
2457 3079 2644 3140 satis-

465 3200 687 3262 factum
726 3214 867 3260 esse
911 3193 1354 3276 spectatoribus
1402 3197 1619 3266 ratum,
1667 3187 1720 3249 si
1750 3185 1898 3248 duas
1943 3185 2316 3248 nominasset
2353 3203 2646 3268 personas

458 3305 840 3390 principales,
949 3302 1070 3366 Sed
1129 3307 1195 3364 ut
1238 3311 1548 3361 assumere
1598 3311 1652 3356 e.
1682 3293 1906 3357 Colace
1946 3294 2132 3388 plura·
2157 3301 2335 3377 atque
2376 3296 2532 3358 adeo
2579 3302 2643 3357 ut

461 3417 646 3478 milite
691 3421 751 3476 et
794 3413 1063 3494 parasito
1110 3414 1318 3491 posset
1357 3408 1421 3469 in
1463 3404 1756 3467 Eunucho
1804 3400 1926 3465 sua'
1954 3404 2041 3466 uti
2067 3449 2085 3481 ,
2124 3421 2381 3466 necesse
2416 3409 2507 3463 est
2547 3401 2641 3462 si-

457 3524 846 3587 militudinem
897 3519 1319 3584 intercessisse
1362 3517 1520 3578 inter
1563 3513 1843 3576 Colacem
1878 3520 1937 3575 et
1975 3509 2336 3574 'Eunuchum
2379 3509 2636 3588 Menan-

459 3634 551 3695 dri
598 3650 722 3694 non
769 3631 1154 3708 mediocrem.
1238 3625 1531 3688 Probatur
1573 3623 1693 3685 hoc
1736 3622 1917 3684 certis
1961 3619 2217 3683 indiciiS.
2316 3616 2465 3680 Nam
2506 3616 2636 3698 pri-

455 3762 652 3821 mum,
710 3742 764 3803 si
804 3756 1113 3801 numerum
1157 3742 1380 3797 tanturn
1422 3749 1781 3814 graecarum
1839 3726 2286 3792 comoediarum
2327 3725 2631 3806 ingentem

374 3889 377 3892 -
453 3849 846 3935 perpenderis
889 3855 949 3910 et
987 3845 1373 3926 reputaveris
1407 3840 1602 3918 simul,
1644 3842 1796 3902 intra
1838 3844 2037 3901 certos
2070 3839 2366 3896 certarum
2409 3851 2631 3929 perso-

453 3976 664 4024 narum
705 3959 1123 4041 actionumque
1165 3952 1417 4029 fines¹³J
1464 3956 1651 4012 artem
1698 3949 1993 4009 comicam
2030 3944 2288 4023 versari,
2330 3942 2462 4005 fieri
2504 3959 2628 4006 non

456 4092 503 4100 ..-

525 4164 612 4236 13)
651 4163 842 4217 Omnes
875 4162 988 4216 fere
1025 4174 1276 4230 personas
1312 4134 1542 4212 nominat
1573 4155 1839 4221 Terentius
1879 4152 2010 4220 Eun.
2054 4149 2187 4222 prol.
2223 4150 2323 4204 35:
