2942 4849
1270 314 1711 386 ...4.-

405 516 630 573 tantum
668 506 1036 571 reddidisset
1075 521 1110 567 a
1152 505 1527 569 Menandro“
1570 512 1631 568 et
1673 505 1944 586 „Clarum
1978 513 2108 585 est,
2165 515 2284 570 tam
2330 508 2590 571 illustres

401 620 566 682 viros
610 627 732 694 (sc.
782 615 1071 694 Laelium,
1115 614 1498 697 Scipionem,
1557 614 1900 691 Servilium)
1967 618 2349 680 honorariam
2398 618 2588 680 solius

401 725 914 806 interpretationis
985 742 1229 803 operam
1294 741 1491 804 neque
1532 725 1916 804 professuros
1964 725 2151 788 fuisse
2191 745 2387 807 neque
2431 743 2582 806 opus

399 835 681 897 habuisse
720 833 1133 909 Terentium“,
1172 839 1265 911 et,
1313 851 1430 913 quo
1479 833 1624 894 nihil
1669 834 1921 896 facetius
1970 844 2056 914 (p.
2091 837 2164 912 8)
2212 836 2389 914 „Cum
2442 837 2579 898 Do-

399 951 573 1006 natus
612 960 753 1006 raro
795 960 1156 1023 graecorum
1204 942 1588 1004 comicorum.
1620 942 1809 1004 verba
1846 943 2219 1007 Terentianis
2263 944 2581 1021 addiderit,

401 1051 561 1132 quod
607 1068 802 1132 genus
862 1049 1294 1129 interpretandi
1343 1055 1402 1113 et
1442 1051 1884 1113 commentandi
1932 1059 1992 1113 et
2032 1052 2406 1115 utilissimum
2452 1059 2581 1114 erat

401 1166 462 1222 et
504 1159 580 1220 ad
628 1157 1075 1220 diiudicandum
1123 1159 1461 1220 Terentium
1508 1161 1764 1221 maxime
1816 1160 2264 1239 necessarium,
2307 1162 2584 1223 certissi-

397 1286 554 1329 mum
600 1266 747 1328 mihi
796 1266 1050 1341 videtur,
1093 1265 1378 1349 pleraque
1423 1269 1623 1329 omnia
1665 1274 1726 1330 et
1768 1269 1829 1329 in
1869 1286 2261 1347 personarum
2310 1268 2586 1349 disposi-

407 1378 572 1438 tione
620 1382 681 1436 et
729 1377 790 1437 in
832 1377 1261 1437 sententiarum
1305 1375 1518 1436 ordine
1561 1376 1643 1437 ita
1691 1374 2121 1458 discrepuisse,
2167 1385 2231 1440 ut
2265 1368 2413 1458 quid
2446 1378 2580 1439 cui-

398 1500 512 1567 que
555 1485 970 1566 responderet,
1015 1491 1183 1546 certo
1229 1483 1515 1548 affirmari
1557 1486 1765 1566 paucis
1805 1491 2033 1548 tantum
2069 1485 2223 1548 locis
2264 1488 2537 1567 posset.“

565 1593 632 1656 G.
677 1593 752 1655 A.
798 1592 1106 1655 Beckerus
1148 1591 1258 1668 (de
1295 1610 1464 1661 com.
1507 1593 1756 1656 Roman.
1786 1594 1949 1658 sabb.
1974 1614 2031 1676 p.
2060 1595 2178 1671 80)
2222 1594 2300 1657 de
2346 1595 2580 1656 Teren-

306 1709 311 1717 '
393 1703 458 1764 tii
503 1701 795 1765 Eunucho
841 1701 984 1763 dicit
1025 1701 1206 1779 „illud
1251 1703 1621 1781 concedam,
1668 1712 1891 1766 scenae
1938 1686 2310 1784 insequentis
2354 1702 2457 1778 (ΙΙ.
2506 1703 2577 1778 2)

392 1815 622 1890 partem
670 1806 746 1870 ad
793 1827 850 1869 v.
894 1806 976 1868 34
1021 1824 1214 1887 usque
1246 1825 1281 1868 e
1325 1807 1547 1871 Colace
1592 1827 1731 1872 esse
1776 1810 2143 1891 translatam,
2190 1812 2408 1875 deinde
2429 1828 2580 1874 vero

389 1932 566 2005 quum
610 1916 858 1978 rivalem
889 1906 1217 1977 Phaedriae
1260 1914 1629 1980 Thrasonem
1664 1917 1879 1981 fecerit
1911 1918 2244 2000 TerentiuS,
2288 1921 2421 2003 quis
2457 1938 2578 1983 non

389 2022 578 2099 videt,
624 2026 705 2086 ita
747 2032 990 2105 poetam
1039 2023 1265 2086 Colace
1306 2043 1477 2087 usum
1508 2044 1665 2104 esse,
1708 2035 1771 2088 ut
1795 2027 2012 2089 eodem
2039 2031 2286 2110 ingenio
2331 2028 2584 2091 eadem-

397 2152 513 2214 que
561 2133 872 2214 disciplina
916 2133 1173 2214 fingeret
1195 2136 1518 2214 parasitum
1552 2142 1612 2197 et
1641 2135 1902 2211 militem,
1933 2136 2312 2196 sermonibus
2360 2143 2590 2214 autem,

386 2249 458 2303 ut
498 2242 576 2304 ab
610 2247 957 2323 aryumeuto
998 2241 1280 2325 Eunuchi
1324 2244 1559 2323 alienis,
1604 2249 1711 2304 aut
1751 2243 1988 2323 omuino
2021 2258 2143 2305 non
2184 2250 2294 2305 aut
2320 2243 2581 2322 parcius

388 2356 717 2413 uteretur-5⁶

399 2462 407 2468 '
443 2447 446 2453 Δ
559 2453 622 2522 C.
653 2458 753 2522 Fr.
798 2460 1175 2521 Hermannus
1221 2459 1485 2540 (Disput.
1529 2461 1606 2522 de
1633 2459 1923 2543 Adelph.)
1970 2459 2051 2522 ita
2095 2467 2315 2522 mutata
2358 2479 2495 2523 esse
2540 2479 2578 2524 a

284 2613 287 2620 ι
389 2536 672 2631 Terentio
725 2581 949 2649 graeca
997 2557 1267 2646 exempla
1316 2572 1571 2631 animum
1619 2569 1892 2646 induxit,
1957 2574 2022 2630 ut
2068 2585 2190 2629 non
2235 2570 2297 2641 in
2345 2569 2579 2631 actibus

389 2683 614 2739 tantum
659 2682 721 2738 et
767 2675 973 2739 scenis
1017 2679 1221 2762 multa
1243 2663 1473 2739 variata
1517 2661 1695 2747 dicat,
1741 2675 1851 2737 se'd
1896 2676 2073 2736 etiam
2102 2677 2367 2739 moribus
2393 2695 2580 2759 prae-

396 2784 550 2847 ditas
591 2799 730 2847 esse
771 2785 1059 2865 quasdam
1103 2802 1396 2866 personas
1442 2783 1838 2843 Terentianas
1883 2782 2227 2863 contendat,
2272 2804 2306 2847 a
2334 2789 2576 2868 graecis

390 2894 704 2977 personiS,
748 2911 783 2955 a
835 2894 1044 2972 quibus
1089 2891 1410 2954 translatae
1451 2891 1590 2967 sint,
1631 2905 1752 2950 non
1798 2908 1918 2952 uno
1966 2890 2235 2955 alterove
2275 2892 2415 2956 loco
2464 2894 2577 2957 sed

395 3001 505 3104 per
532 3006 735 3065 totam
780 3000 1041 3063 fabulam
1087 2998 1569 3061 abhorrentibus

560 3109 682 3175 Sed
723 3109 906 3212 longe
952 3109 1348 3190 gravissimus
1401 3094 1784 3168 adversarius
1831 3111 1925 3168 est
1968 3105 2292 3171 Grauertus
2317 3154 2335 3187 ,
2417 3128 2577 3191 quo-

392 3218 555 3280 niam
598 3218 650 3279 is
693 3217 959 3278 veritati·
999 3222 1092 3276 est
1146 3216 1473 3295 proximus.
1578 3212 1844 3293 Namque
1901 3233 2076 3296 quum
2143 3218 2204 3277 in
2263 3217 2578 3284 Analectis

352 3349 355 3352 ¹
395 3317 697 3389 historicis
736 3329 796 3385 et
836 3322 1215 3405 philolog-icis
1258 3324 1483 3403 primus
1529 3322 1877 3385 doctissime
1923 3327 2270 3403 exposuerit
2317 3327 2456 3406 quid
2497 3331 2575 3391 sit

399 3425 820 3496 contaminatio
850 3430 1181 3514 fabularum,
1221 3432 1555 3510 latinarum,
1598 3430 1750 3493 ultra
1797 3433 2366 3518 verisimilitudinem
2413 3438 2577 3500 auxit

404 3561 539 3604 eam
594 3539 856 3602 Terentii
895 3540 957 3600 in
998 3537 1420 3603 transferendo
1463 3542 1889 3623 negligentiam
1920 3590 1937 3620 ,
2009 3562 2181 3624 quam
2231 3547 2581 3608 necessario

404 3668 539 3714 cum
580 3648 1088 3712 contaminatione
1139 3651 1524 3712 coniunctam
1565 3667 1704 3712 esse
1748 3651 2081 3712 rectissime
2126 3651 2291 3713 vidit.
2410 3654 2577 3717 Haec

397 3749 691 3822 sententia
732 3758 887 3821 sitne
929 3737 1238 3838 probanda
1283 3776 1360 3820 an
1408 3756 1821 3839 relinquenda,
1856 3758 2107 3841 singulis
2138 3764 2575 3841 pertractandis

399 3855 662 3930 Terentii
703 3864 916 3929 fabulis
961 3883 1076 3948 age
1118 3865 1446 3928 videamus,

1753 4063 1901 4078 -ῃθ

2931 768 2932 771 Α
2925 696 2933 743 ,-
