2942 4849
1207 297 1770 418 -36-“

362 554 592 600 morum
639 534 1045 617 descriptione
1090 536 1369 599 excelluit
1409 537 1763 614 TerentiuS,
1814 535 2146 598 Menander
2189 553 2309 597 non
2354 536 2549 617 potuit

353 646 633 710 Micionis
673 652 875 707 mo‘res
920 648 999 708 ita
1042 646 1316 726 pingere,
1360 652 1425 707 ut
1470 644 1613 708 hinc
1655 663 1750 720 ea,
1793 661 1947 725 quae
1996 645 2161 724 agit,
2204 645 2350 706 satis
2399 643 2543 705 ido-

353 771 532 815 neum
562 739 935 833 ,explicatum
978 754 1288 830 haberent,
1330 753 1440 816 sed
1489 761 1739 816 coaetus
1785 753 2187 832 erat,-facere
2221 771 2353 814 eum
2381 769 2544 833 gna-

334 878 482 923 xrum
526 861 816 923 facinoris
858 867 1175 942 antequam
1218 863 1299 924 ita
1343 861 1509 942 loqui
1535 880 1669 925 eum
1711 863 1959 940 sineret,
2001 868 2065 923 ut
2092 861 2351 940 loquitur
2384 861 2542 940 apud

348 969 689 1031 Terentium
735 969 805 1046 (l.
860 972 918 1049 2,
965 969 1061 1046 3).
1170 969 1322 1032 Vide
1391 977 1587 1032 autem
1653 987 1828 1050 quam
1891 969 2007 1031 sibi
2069 969 2201 1048 ipse
2244 974 2542 1048 repugnet

350 1076 749 1155 Hermannus,
797 1076 895 1156 qui
941 1093 1117 1157 quum
1162 1083 1340 1139 antea
1388 1096 1468 1139 ex
1493 1078 1752 1140 Terentii
1781 1078 1840 1138 in
1876 1076 2144 1138 moribus
2178 1075 2540 1139 describen-

351 1183 446 1247 dis
489 1185 856 1265 praestantia
903 1186 1309 1265 concluserit,
1356 1203 1480 1249 non
1522 1188 1705 1267 posse
1750 1185 2004 1247 eandem
2048 1192 2236 1247 artem
2281 1184 2540 1267 cogitari

351 1294 415 1354 in
469 1291 801 1354 Menandro
863 1293 1051 1356 fuisse
1117 1303 1287 1376 (pag.
1335 1295 1482 1372 V.),
1540 1312 1701 1356 nunc
1762 1295 1823 1357 in
1879 1295 2107 1356 Demea
2169 1299 2232 1355 et
2274 1292 2539 1354 Micione

348 1401 725 1462 Terentianis
764 1419 993 1464 morum
1036 1403 1500 1464 inconstantiam
1544 1403 1659 1464 sibi
1685 1401 1958 1464 videatur
1982 1402 2291 1463 invenisse
2322 1407 2381 1462 et
2401 1419 2537 1481 eam

348 1524 474 1570 non
517 1510 786 1589 potuisse
823 1529 857 1571 a
888 1509 1222 1571 Menandro
1266 1510 1572 1590 proficisci
1616 1509 1961 1570 contendat.
2031 1508 2190 1570 Nam
2224 1508 2537 1583 nenzinem,

349 1616 557 1696 inquit,
598 1618 773 1697 fuqit,
822 1618 1149 1679 secundum
1194 1635 1328 1679 eam
1371 1616 1807 1692 tractationem,
1849 1633 1973 1694 qua
1998 1616 2228 1676 Demea
2252 1616 2318 1676 in
2342 1616 2542 1678 media

343 1724 561 1804 fabula
607 1742 650 1786 a
695 1724 851 1804 Syro
890 1726 1175 1804 pessimis
1225 1725 1517 1802 exemplis
1546 1723 1806 1784 ludibrio
1840 1722 2113 1800 habetur,
2156 1724 2329 1801 lonye
2353 1725 2540 1784 alium

349 1832 700 1914 eoespectari
734 1851 924 1911 posse
969 1834 1231 1910 exitum,
1256 1850 1436 1911 quam
1480 1850 1632 1908 eum,
1672 1846 1789 1910 quo
1829 1849 1991 1892 nunc
2036 1830 2216 1909 quasi
2253 1829 2540 1908 partibus

352 1939 597 2001 mutatis
661 1940 746 2001 ad
805 1947 1137 2000 extremum
1179 1939 1409 2000 Demea
1456 1938 1537 2001 ab
1580 1939 1853 2000 omnibus
1895 1957 2052 2000 unus
2096 1936 2377 1999 laudibus
2420 1955 2542 1998 ex-

347 2047 577 2108 tollitur
603 2092 622 2125 ,
687 2044 870 2109 Micio
910 2049 1122 2109 nolens
1167 2052 1347 2126 atque
1389 2047 1617 2108 invitus
1663 2047 1926 2109 omnium
1968 2045 2379 2108 voluntatibus
2415 2046 2542 2116 *ob-

347 2156 1018 2236 temperare-adiyitur.
1109 2156 1176 2217 In
1220 2157 1313 2219 his
1355 2163 1698 2237 praeterea,
1751 2155 1912 2237 quod
1960 2156 2076 2217 sibi
2101 2173 2225 2217 non
2251 2161 2539 2218 constans

347 2262 458 2324 fuit
498 2261 877 2323 Hermannus
904 2308 921 2341 ,
964 2261 1085 2325 hoc
1129 2280 1367 2344 quoque
1406 2272 1722 2346 peccatum
1768 2271 1899 2344 est,
1943 2263 2105 2345 quod
2147 2263 2540 2344 stupidiorem

350 2370 547 2433 credit
587 2371 897 2449 Demeam,
943 2388 1120 2453 quam
1161 2388 1381 2436 revera
1426 2380 1521 2436 est
1539 2376 1650 2454 ³⁰),
1689 2379 1812 2435 tum
1853 2379 2072 2448 autem,
2119 2372 2281 2453 quod
2322 2372 2537 2453 quibus

350 2478 629 2541 laudibus
675 2479 978 2542 extollitur
1021 2480 1096 2542 ab
1137 2481 1212 2542 iis
1253 2481 1639 2558 hominibuS,
1705 2498 1857 2561 quos
1902 2481 2180 2562 largitate
2218 2480 2335 2543 sibi
2384 2484 2541 2543 con-

260 2673 265 2678 1
352 2587 699 2666 ciliaverat,
747 2606 854 2650 eas
895 2607 1077 2653 veras
1118 2590 1329 2653 laudes
1369 2590 1747 2652 Hermannus
1797 2589 2152 2669 arbitratur,
2200 2608 2375 2670 quum
2418 2591 2538 2650 sint

348 2712 555 2756 merae
596 2699 1060 2760 assentationes.
1147 2699 1324 2772 Quod
1364 2704 1561 2760 autem
1605 2699 1682 2760 ad
1731 2698 2052 2761 Micionem
2098 2700 2349 2775 attinet,
2415 2712 2534 2775 quo

350 2803 662 2884 indignum
703 2809 869 2886 putat
908 2798 1341 2884 HermannuS,
1378 2806 1543 2886 quod
1599 2805 1805 2868 fratris
1860 2806 2082 2888 filiique
2135 2801 2538 2867 voluntatibus

356 2911 745 2992 obsequatur,
791 2911 1051 2974 debebat
1097 2914 1227 2975 eius
1269 2932 1475 2975 mores
1519 2915 1715 2976 minus
1762 2916 1941 2978 etiam
1983 2915 2350 2977 sustentatos
2397 2928 2537 2973 esse

355 3038 389 3081 a
431 3020 764 3082 Menandro
808 3021 1198 3100 contendere,
1240 3023 1326 3101 si,
1366 3022 1444 3084 de
1490 3041 1605 3104 qua
1634 3039 1701 3084 re
1743 3039 1866 3084 non
1910 3020 2197 3082 dubitavit
2240 3020 2578 3082 Hermam.

347 3146 481 3207 nuS,
523 3130 585 3189 in
614 3130 744 3191 eius
767 3129 966 3192 fabula
1000 3148 1191 3193 senex
1227 3133 1469 3194 omnino
1498 3130 1575 3193 de
1619 3131 1839 3209 nuptiis
1878 3147 2002 3191 non
2038 3129 2403 3211 gravabatur
2427 3131 2533 3203 ³¹).

352 3237 437 3298 Ita
472 3243 784 3318 postquam
816 3238 1191 3301 Hermannus
1231 3257 1460 3302 morum
1498 3236 2063 3314 inconstantiam‘jn
2099 3217 2376 3318 personis
2415 3239 2541 3326 Τε-

352 3347 647 3408 rentianis
685 3347 1093 3426 reprehendit,
1138 3348 1244 3435 sic&
1273 3349 1507 3430 pergit:
1552 3345 1734 3421 Quod
1773 3347 1888 3409 etsi
1925 3364 2049 3407 non
2089 3364 2225 3407 eam
2261 3346 2385 3408 vim
2418 3346 2538 3407 ha-

358 3452 456 3513 bet
476 3500 497 3528 ‚
540 3459 610 3513 ut
651 3472 861 3515 eorum
890 3447 1245 3535 quemquam
1283 3473 1509 3518 revera
1543 3455 1815 3517 moribus
1865 3455 1998 3516 suis
2039 3454 2321 3516 eaecidere
2357 3453 2536 3514 dica-

297 3632 304 3640 „
352 3579 506 3639 mus,
548 3566 745 3622 tamen
785 3562 900 3625 hoc
934 3562 1162 3642 ipsum,
1200 3564 1366 3643 quod
1401 3563 1634 3626 Demea
1670 3563 1955 3637 simulata
1997 3562 2276 3643 laryitate
2310 3557 2535 3641 fratris

497 3824 590 3894 30)
628 3817 974 3878 subtilissime
999 3826 1233 3878 Donatus
1269 3827 1334 3877 ad
1370 3827 1455 3884 lv.
1498 3828 1635 3891 2,21
1681 3826 1749 3878 de
1779 3826 1980 3878 Demea
2020 3825 2177 3888 Mire,
2212 3825 2398 3893 inquit,
2445 3824 2542 3875 Te-

358 3918 557 3969 rentius
596 3936 682 3971 eos
719 3922 881 3990 ipsos,
923 3923 1010 3988 qui
1041 3921 1315 3988 falluntur,
1351 3939 1417 3973 ex
1453 3921 1634 3988 aliqua
1660 3929 1816 3990 parte
1851 3927 2028 3972 cautos
2065 3922 2214 3987 [uait.
2252 3921 2389 3972 Nam
2408 3935 2539 3986 quae

352 4013 541 4080 qratia
571 4022 644 4066 est
688 4023 779 4067 aiat
813 4014 1101 4080 delectatio,
1137 4015 1391 4067 hominem
1418 4015 1764 4067 stultissimum
1797 4014 1955 4081 salli?
2026 4014 2086 4065 In
2126 4013 2353 4065 editione
2406 4012 2537 4064 We-

355 4108 513 4159 sterb.
548 4123 642 4174 pro
677 4110 935 4163 hominem
971 4111 1164 4180 legitur
1196 4128 1321 4176 non,
1361 4111 1500 4179 quod
1538 4119 1620 4168 est
1649 4089 1946 4162 mutandum
1980 4117 2070 4161 aut
2106 4108 2400 4162 delendum.

495 4199 586 4275 31')
627 4204 708 4257 cf.
745 4203 810 4258 de
845 4206 942 4258 hac
979 4222 1036 4258 re
1080 4223 1214 4275 quae
1252 4223 1408 4275 supra
1446 4193 1569 4275 pag.
1608 4207 1678 4259 31
1718 4206 1994 4274 disputavi.
