2942 4849
1259 344 1702 432 ...3⁴-

401 522 534 587 Non
584 528 742 587 enim
787 526 1123 589 sententiae
1162 526 1458 606 quaedam
1504 533 1568 589 et
1602 527 1831 609 figurae
1853 529 2146 591 orationis
2171 546 2250 591 ex
2275 528 2575 592 Perinthia

392 636 453 696 in
499 623 789 696 Andriam
835 635 1077 696 latinam
1119 636 1443 699 translatae
1483 643 1669 716 suut,
1707 644 1774 700 ut
1810 637 1997 700 voluit
2041 637 2365 700 Grauertus
2390 684 2409 716 ,
2458 637 2569 700 sed

395 749 601 806 certae
642 750 845 823 partes
910 746 1221 822 actioniS,-
1265 760 1464 826 neque
1518 760 1632 807 eae
1673 753 1876 826 partes
1915 764 2246 827 paucorum
2290 764 2570 809 versuum

378 852 1213 935 „circumscribuntur'finibus
1244 899 1262 931 ,
1336 853 1502 933 quod
1559 853 1890 918 Grauertus
1948 855 2214 918 fortasse
2276 856 2574 918 concedat

398 960 637 1038 (Anall.
673 978 730 1039 p.
785 960 934 1035 189)
975 960 1083 1022 sed
1128 968 1333 1041 patent
1373 961 1570 1024 latiuS.

556 1069 657 1146 At,
702 1067 891 1146 diceS,
918 1070 1037 1150 qui
1082 1089 1163 1132 ex
1206 1070 1504 1133 Perinthia
1553 1075 1804 1134 mutuari
1847 1071 2162 1134 Terentius
2200 1071 2391 1152 potuit
2428 1086 2575 1134 sce-

387 1193 499 1238 nas
545 1177 620 1238 ab
663 1177 933 1243 Andria-e
976 1175 1329 1260 argumento
1372 1180 1641 1259 alienaS,
1688 1198 1864 1262 quum
1911 1187 2181 1256 constet,
2241 1181 2395 1243 duas
2441 1181 2573 1243 illas

386 1283 620 1347 fabulas
661 1284 1129 1348 Menandri-tam
1159 1284 1398 1350 *similes
1439 1276 1629 1349 fuisse
1660 1335 1679 1367 ,
1745 1294 1811 1350 ut
1875 1287 1998 1363 Qua·
2050 1287 2348 1349 utramvis
2409 1294 2574 1348 recte

386 1391 571 1467 norit,
613 1391 828 1454 ambas
870 1394 1162 1455 noverit?
1244 1396 1411 1457 Haec
1454 1395 1745 1457 dubitatio
1787 1396 1970 1458 facile
2014 1401 2377 1458 removetur.
2460 1396 2573 1458 Ni-

384 1499 594 1562 mirum
631 1499 943 1563 Terentius
975 1518 1150 1581 quum
1197 1501 1377 1582 (prol.
1407 1502 1515 1578 11)
1558 1519 1681 1563 non
1722 1502 1858 1564 ita
1903 1502 2180 1565 dissimili
2220 1507 2570 1584 aryumcnto

378 1608 580 1688 fuisse
618 1607 919 1670 Andriam
960 1616 1019 1670 et
1054 1608 1426 1687 Perinthiam
1468 1617 1682 1674 auctor
1700 1612 1799 1690 sit,
1849 1614 2259 1692 consequitur,
2302 1612 2365 1674 id
2408 1609 2571 1692 quod

378 1736 493 1799 per
532 1736 602 1780 se
646 1725 745 1780 est
778 1718 1096 1796 credibile,
1137 1718 1403 1799 aliquam
1428 1720 1595 1783 certe
1639 1721 1798 1783 inter
1839 1720 1992 1784 duas
2010 1720 2242 1796 fabulas
2279 1720 2572 1784 differen-

374 1827 535 1888 tiam»
581 1827 1025 1913 intercessisse.
1127 1828 1324 1909 Atque
1364 1819 1500 1892 eam
1537 1828 1940 1894 differentiam
1992 1831 2568 1913 quantulamcunque

378 1942 561 1997 aucto
603 1936 802 2016 potius
847 1952 1022 2017 quam
1068 1944 1291 2000 mutato
1336 1945 1692 2019 argumento
1738 1956 1879 2001 esse
1920 1937 2198 2002 effectam
2238 1938 2568 2002 verisimile

366 2034 492 2106 *est
548 2044 726 2111 ·Nam
768 2050 922 2107 teste
962 2047 1202 2109 Donato
1248 2046 1363 2122 (ad
1406 2047 1556 2127 prol.
1607 2049 1716 2123 10)
1750 2047 1957 2126 prima
1995 2064 2183 2109 scena
2222 2046 2572 2109 Perinthiac

366 2162 579 2233 paene
614 2153 830 2216 iisdem
870 2153 1100 2230 verbis,
1147 2154 1364 2233 quibus
1404 2154 1645 2218 Andria
1685 2156 1979 2230 (fortasse
2016 2154 2400 2217 scribendum
2430 2153 2567 2215 An-

382 2262 584 2338 driae)
624 2263 860 2341 scripta
898 2270 1006 2326 est.
1113 2263 1281 2338 Quae
1328 2281 1516 2327 scena
1575 2280 1754 2346 quum
1799 2265 2210 2325 narrationem
2259 2263 2567 2325 contineat

384 2390 585 2434 rerum
630 2378 769 2434 ante
817 2377 1083 2434 actarum
1134 2381 1340 2452 (quam
1389 2389 1504 2434 nos
1549 2370 1981 2450 empositionem
2017 2379 2341 2444 vocamus)
2385 2368 2565 2434 facile

384 2484 773 2561 perspicitur,
832 2482 892 2541 in
952 2499 1180 2543 summa
1238 2482 1572 2562 argumenti
1628 2482 1730 2541 vix
1780 2497 1965 2560 posse
2019 2474 2332 2560 quicquam
2373 2479 2436 2540 in
2487 2495 2562 2539 ea

381 2587 580 2649 fabula
629 2608 662 2650 a
703 2585 1034 2678 Menandro
1083 2597 1366 2669 mutatum
1415 2607 1590 2666 esse,
1635 2607 1809 2668 quam
1855 2587 2185 2650 secundam
2226 2588 2557 2665 scripserit,

386 2697 525 2780 addi
568 2702 788 2761 ceteris
831 2718 951 2761 non
991 2702 1227 2762 mutatis
1271 2717 1494 2760 novum
1536 2679 1757 2778 aliquid
1822 2691 2127 2777 potuisse·
2213 2693 2377 2755 Idem
2439 2694 2559 2756 hoc

381 2799 634 2887 quadrat
679 2809 740 2868 in
785 2797 1005 2871 Donati
1049 2809 1449 2869 testimonium
1499 2807 1678 2882 (l.c.)
1722 2804 1874 2866 duos
1900 2804 2089 2882 locos,
2113 2804 2368 2865 alterum
2408 2820 2558 2863 ver-

375 2930 552 2973 suum
596 2893 706 2994 XI,
751 2914 1004 2978 alterum
1031 2909 1152 2975 XX
1190 2914 1253 2974 in
1292 2919 1550 2996 utraque
1570 2909 1787 2993 fabula
1807 2915 1863 2985 ὅ)
1903 2910 2143 2989 positos
2163 2909 2382 2991 fuisse,
2415 2912 2554 2992 quia

377 3022 433 3086 si
472 3022 698 3090 additis
738 3025 909 3085 novis
957 3025 1157 3086 scenis
1196 3022 1428 3104 ,reliqua
1473 3023 1706 3101 integra
1748 3020 1874 3080 fere
1930 3020 2377 3096 retinebantur,
2438 3036 2559 3099 po-

378 3133 617 3192 tuerunt
660 3131 842 3191 facile
883 3133 1061 3194 etiam
1102 3132 1229 3212 ipsa
1273 3130 1459 3191 verba
1483 3128 1758 3204 servari,
1798 3144 1953 3207 quae
1993 3128 2055 3189 in
2098 3135 2322 3190 mutato
2367 3145 2559 3210 argu-

376 3245 578 3298 mento
654 3239 757 3298 vix
804 3237 1016 3316 ,aptum
1072 3238 1269 3298 locum
1318 3236 1573 3297 fuissent
1616 3237 1948 3300 inventura.
2067 3236 2358 3299 Firmatur
2400 3235 2560 3298 haec

375 3345 763 3407 ratiocinatio
821 3359 931 3421 eo,
1001 3344 1161 3423 quod
1227 3343 1438 3406 demtis
1500 3344 1768 3424 partibus
1847 3342 2091 3407 Charini
2165 3351 2225 3406 et
2268 3343 2557 3425 Byrrhiae

375 3452 522 3513 nihil
569 3454 629 3513 in
676 3452 874 3514 fabula
906 3439 1313 3530 desideratur,
1381 3458 1440 3513 et
1487 3470 1598 3529 ea,
1662 3469 1818 3532 quae
1877 3460 2149 3516 remanet
2191 3470 2370 3534 parS,
2433 3467 2558 3513 non

378 3559 470 3622 ita
508 3557 816 3622 dissimilis
859 3569 952 3623 est
993 3561 1266 3642 integrae
1314 3558 1553 3620 fabulae
1600 3567 1997 3640 argumento..

378 3751 513 3804 quae
548 3738 602 3787 in
628 3735 871 3787 Andriam
891 3751 1206 3800 convenere,
1249 3751 1314 3786 ex
1348 3731 1610 3786 Perinthia
1633 3730 1890 3784 transtulit
1908 3731 2196 3796 Terentius,
2237 3732 2347 3797 sed,
2389 3732 2565 3798 credo,

382 3840 579 3900 partem
618 3833 770 3883 etiam
812 3848 877 3882 ex
913 3831 1120 3884 Andria.
1270 3901 1271 3904 Ἴ

447 3928 504 4000 5)
542 3928 753 3980 Scilicet
788 3931 842 3979 in’
879 3928 1148 3992 Menandri
1182 3926 1375 3978 Andria
1410 3934 1462 3976 et
1501 3926 1790 3990 Perinthia,
1831 3941 1935 3976 non
1985 3925 2039 3975 in
2074 3924 2269 3976 Andria
2306 3924 2465 3976 latina
2508 3932 2562 3975 et

368 4037 598 4093 graeca,
650 4033 706 4076 ut
745 4025 1013 4092 pueriliter
1046 4024 1321 4076 arbitratur
1361 4021 1607 4073 Beufeius
1646 4024 1720 4091 (in
1757 4019 1948 4073 Transi.
1989 4037 2149 4088 germ.
2188 4021 2419 4089 Terent.)
2467 4023 2554 4087 qni

377 4137 441 4172 eo
483 4129 790 4189 progressus
829 4130 924 4188 est,
957 4129 1019 4174 ut
1050 4119 1295 4188 indagare
1334 4127 1609 4170 conaretur
1643 4119 1696 4168 in
1730 4117 1955 4169 Terentii
1989 4116 2162 4168 fabula
2181 4116 2251 4169 xl
2276 4114 2394 4173 illos
2436 4132 2561 4169 ver-

362 4233 461 4271 ·sus
494 4226 547 4269 et
581 4216 688 4270 XX.
