2942 4849
928 1222 1916 1333 Praefatio.

586 1628 835 1720 Quum
886 1642 1053 1700 ante
1103 1628 1243 1699 hos
1293 1626 1613 1717 sedecim
1667 1650 1951 1697 menses
2009 1612 2507 1724 Amplissimu's'

335 1753 962 1850 Philosophorum
1017 1750 1220 1823 Ordo
1274 1750 1551 1822 civibus
1596 1748 2028 1821 academicis
2058 1750 2150 1822 de
2178 1742 2505 1848 praemio

329 1880 706 1950 certaturis
756 1877 1257 1973 quaestionem
1310 1866 1811 1970 proposuisset
1835 1873 2064 1973 'Quae
2126 1875 2510 1951 Terentius

332 2007 414 2076 in
461 2002 786 2103 singulis
814 1998 1117 2092 fabulis·
1139 2021 1415 2099 graeca
1448 1994 1793 2096 exempla
1825 1998 1926 2071 s‘it
1946 1982 2239 2073 'secutas
2271 2004 2509 2103 iisq'z'te

328 2127 698 2229 quomodo
751 2150 928 2197 usus
977 2126 1117 2217 sit,
1194 2145 1324 2220 ego
1378 2146 1535 2193 rem
1598 2146 1757 2195 sum
1809 2147 2215 2219 aggressus,
2283 2127 2509 2222 magis

327 2251 630 2335 audacia
693 2248 1010 2346 quadam
1086 2246 1381 2317 iuvenili
1434 2247 1774 2341 abreptus
1827 2259 1899 2316 et
1960 2246 2339 2345 confidens
2389 2249 2505 2320 iu-‘

331 2373 576 2445 dicum
630 2396 966 2444 meorum
1020 2370 1576 2441 benevolentiae
1628 2384 1700 2442 et
1738 2372 2216 2466 clementiae,
2278 2382 2501 2470 quam
2551 2370 2555 2374 ’

331 2496 540 2594 quod
614 2494 985 2568 crederem
1039 2496 1332 2592 paucis,
1408 2519 1598 2593 quae
1663 2498 1740 2568 in
1809 2497 2125 2568 Terentii
2188 2499 2503 2572 lectione

327 2621 846 2692 collocaveram
924 2618 1181 2690 studiis
1240 2619 1410 2690 satis
1479 2644 1597 2689 me
1647 2635 2153 2716 praeparatum
2200 2647 2352 2694 esse
2402 2622 2499 2695 ad

324 2745 785 2839 propositum
842 2767 1026 2837 opus
1075 2740 1618 2838 suscipiendum
1675 2757 1748 2813 et
1815 2768 1978 2815 cum
2034 2746 2280 2840 aliquo
2334 2771 2500 2819 suc-

328 2889 530 2936 cessu
580 2862 1129 2962 perficiendam.
1230 2864 1376 2935 Nec
1425 2889 1544 2934 me
1594 2864 1841 2935 fefellit
1890 2893 2111 2963 quam
2149 2870 2375 2941 habui
2408 2870 2503 2942 de

322 2987 622 3074 Ordinis
673 2987 1294 3083 Philosophorum
1353 2988 1715 3081 aequitate
1768 2990 2050 3084 opinio.
2155 2965 2501 3066 ludio-‘avit

326 3113 524 3181 enim
575 3112 669 3183 de
729 3110 1237 3182 dissertatione
1290 3133 1457 3179 mea
1505 3122 1653 3180 tam
1696 3110 2009 3211 benigne
2061 3109 2300 3214 eoque
2346 3132 2498 3189 stu-

321 3232 529 3305 dium
582 3258 826 3303 meum
877 3245 1024 3303 tam
1062 3234 1369 3306 mirifice
1415 3235 1632 3328 auxit,
1682 3248 1764 3321 ut
1800 3240 2310 3324 constituerem
2343 3269 2495 3315 non

320 3359 399 3430 in
462 3358 604 3428 hac
670 3356 905 3451 prima
971 3357 1356 3428 subsistere
1440 3360 1991 3457 exercitatione,
2062 3364 2192 3434 sed
2260 3379 2491 3438 totam

319 3482 793 3578 scriptionem
845 3480 1121 3551 maiore
1179 3478 1509 3551 adhibita
1558 3480 1928 3579 diligentia
1978 3500 2050 3557 et
2098 3487 2270 3560 lima
2319 3492 2497 3562 sub-

321 3606 562 3676 tiliore
612 3616 1066 3676 retractatam
1120 3602 1197 3671 in
1249 3602 1483 3672 lucem
1536 3603 1887 3674 emittere.
1992 3606 2294 3682 Occasio
2334 3636 2490 3683 sese
2579 3641 2582 3644 ·

322 3727 672 3798 offerebat
729 3737 1302 3823 peropportuna.
1434 3724 1613 3798 Nam
1665 3750 1893 3821 quum
1945 3729 2038 3801 ad
2089 3731 2494 3827 impetran-

318 3849 476 3922 dos·
505 3875 828 3921 summos
879 3849 956 3918 in
981 3843 1454 3941 philosophia
1503 3844 1826 3918 honores
1869 3847 2274 3922 dissertatio
2306 3853 2490 3927 mihi

322 3998 529 4045 more
580 3981 874 4070 recepto
917 3967 1304 4041 scribenda
1354 3980 1562 4061 esset,
1612 3970 1793 4040 nihil
1846 3972 2081 4067 aptius
2142 3977 2325 4048 mihi
2385 3979 2496 4050 vi..

319 4094 628 4168 debatur
674 4110 750 4167 et
800 4092 1261 4165 commodius
1334 4117 1556 4202 quam
1618 4095 1723 4164 uti
1775 4093 1870 4165 ad
1925 4094 2119 4169 hanc
2168 4126 2323 4173 rem
2375 4103 2495 4178 illa

2057 4228 2090 4290 1
