2942 4849
1119 323 1603 397 ..19-

259 514 497 578 militen
543 516 605 575 et
644 511 965 592 parasitum
991 559 1009 591 ‚
1056 512 1316 593 quadiu
1372 530 1443 577 se
1484 511 1629 576 nihil
1672 512 1892 593 habet,
1935 531 2048 587 eur
2090 518 2172 580 sit
2211 517 2441 600 impro-

259 623 549 698 bandum3
596 628 697 685 aut
742 621 1164 703 segregandae
1210 628 1342 688 sunt
1389 628 1513 689 tres
1554 622 1616 689 in
1657 622 1775 684 hac
1817 640 2001 695 scena
2043 632 2289 705 partes,
2356 630 2439 703 ita

260 737 322 796 nt
352 746 573 795 versus
613 747 649 793 a
700 731 892 810 prime
936 730 1013 793 ad
1072 732 1391 811 septimum
1446 738 1508 797 ct
1555 749 1590 792 a
1633 733 1825 812 primo
1866 739 1926 794 et
1966 734 2434 816 quadragesimo

256 856 440 921 usque
500 838 579 900 ad
642 836 827 901 finem
878 836 1149 903 dicamus
1206 854 1345 907 esse
1403 854 1438 897 e
1485 837 1709 909 Colace
1767 839 2089 915 =translatus
2115 846 2196 917 ¹⁶)
2261 850 2439 924 atque

256 947 411 1029 quod
442 945 729 1011 'inedium
772 949 864 1006 est
906 943 1283 1013 vindicemus
1316 942 1649 1022 Eunucho,
1689 945 1870 1007 modo
1920 964 2073 1026 quae
2117 947 2272 1028 apud
2315 949 2439 1011 Te-

251 1056 502 1119 rentium
544 1053 868 1117 ‘thrasonis
908 1051 1101 1119 verba
1142 1056 1324 1128 suut,
1386 1051 1603 1115 dentur
1643 1054 1908 1132 parasito
1940 1054 2041 1130 ¹⁶).
2137 1052 2262 1117 Sed
2302 1057 2438 1121 sine

252 1160 439 1226 certis
482 1162 837 1225 testimoniis
898 1158 1200 1238 nihil.pr0
1249 1164 1418 1220 certo
1465 1175 1782 1239 possumus
1825 1160 1902 1221 de
1943 1159 2059 1225 hac
2101 1180 2289 1225 scena
2331 1163 2434 1224 -af-

255 1270 504 1334 firmare.
586 1270 907 1349 Utcunque
951 1284 1021 1329 se
1064 1274 1262 1333 autem
1307 1284 1408 1329 res
1452 1266 1673 1345 habet,
1715 1269 2036 1349 parasitum
2079 1271 2139 1333 in
2182 1271 2436 1355 Menan-

252 1380 341 1442 dri
373 1379 666 1443 Eunucho
708 1378 903 1440 fuisse
932 1422 951 1454 ,
1018 1376 1161 1438 nulli
1224 1375 1580 1443 dubitationi
1623 1375 1859 1437 videtur
1904 1394 2042 1455 esse
2087 1378 2433 1445 obnoxium.

251 1489 431 1563 Quod
451 1488 504 1550 si
528 1488 859 1566 statuimus,
891 1488 1240 1551 removetur
1256 1484 1374 1546 alia
1406 1483 1744 1553 difficultas,
1786 1468 1982 1549 Scena
2006 1464 2102 1547 ΠΙ.
2131 1488 2184 1563 l,
2206 1483 2435 1568 448qq.

243 1595 538 1659 Thrasoni
578 1592 799 1655 suadet
841 1592 1176 1672 parasitus,
1246 1597 1355 1667 ut,
1417 1591 1469 1651 si
1513 1591 1800 1665 meretrix
1857 1590 2185 1655 Phaedriae
2249 1595 2435 1660 faciat

243 1705 628 1778 mentionem,
670 1701 800 1781 ipse
842 1698 1201 1779 Pamphilam
1244 1700 1481 1761 accersi
1523 1699 1742 1763 iubeat.
1829 1698 1960 1761 Hoc
2003 1703 2142 1782 quia
2173 1703 2331 1775 inter
2360 1719 2433 1766 se

239 1813 580 1894 transigunt
620 1810 794 1877 mites
837 1815 899 1870 et
924 1809 1222 1887 parasitus
1274 1806 1593 1869 videbatur
1633 1807 1927 1871 Grauerto
1974 1827 2009 1870 e
2039 1810 2432 1889 Colaeeesse

234 1916 613 1985 arcessitum.
703 1916 925 1979 Verum
991 1920 1207 1993 postea
1252 1930 1434 1994 quum
1480 1930 1559 1975 ex
1612 1915 1860 1993 parasiti
1902 1920 2241 1998 praeceptis
2286 1927 2430 2005 agat

234 2028 489 2104 Thraso,
529 2026 722 2089 oritur
763 2024 1019 2105 iurgium
1068 2023 1224 2085 inter
1263 2023 1453 2103 ipsum
1485 2020 1905 2103 ‘Thaidemque
1929 2036 2017 2086 ‘es
2051 2026 2426 2092 Chremetem

233 2136 361 2212 (IV.
392 2138 482 2219 1),
529 2134 690 2215 quod
734 2133 991 2215 iurgium
1035 2138 1221 2195 totum
1265 2132 1523 2212 pertinet
1565 2132 1641 2193 ad
1687 2135 2104 2199 oeconomiam
2132 2135 2450 2206 Eunuchi.'

233 2246 366 2309 Hoc
408 2261 533 2309 non
578 2248 782 2323 potest
829 2241 1001 2313 aliter
1057 2240 1381 2320 explicari,
1437 2241 1555 2309 nisi
1612 2241 1732 2321 ita,
1794 2247 1860 2303 ut
1915 2244 2230 2307 consilium
2278 2245 2423 2311 illud

230 2354 482 2436 parasiti
525 2352 602 2415 de
644 2351 1016 2419 arcessenda
1059 2348 1359 2430 Pamphila
1403 2366 1525 2413 non
1566 2348 1642 2413 de
1691 2349 1950 2427 Colace,
2017 2353 2127 2415 sed
2171 2353 2247 2417 de
2293 2354 2424 2419 Eu-

237 2462 441 2524 nucho
467 2462 778 2523 Menandri
820 2459 1270 2539 transscriptum
1305 2475 1444 2520 esse
1487 2465 1834 2522 statuamus.
1894 2461 2071 2534 Quod
2103 2464 2157 2524 si
2195 2464 2423 2547 proba-

229 2571 416 2646 veris,
462 2570 724 2650 priorem
764 2585 988 2632 scenae
1039 2566 1135 2630 111.
1173 2568 1201 2629 1
1248 2573 1475 2647 partem
1516 2553 1827 2648 usque'ad
1874 2586 2114 2634 versum
2155 2568 2240 2634 43
2289 2574 2417 2635 Co-

226 2678 350 2744 luci
394 2678 733 2745 vindicabis
762 2724 780 2756 ,
834 2676 1126 2744 Eunucho
1168 2676 1603 2756 posteriorem,
1663 2675 1741 2748 ad
1790 2676 1969 2740 finem
2011 2695 2047 2740 a
2092 2697 2276 2762 versu
2313 2671 2419 2761 44,

226 2804 270 2847 a
319 2803 437 2863 quo
480 2787 788 2862 aptissime
828 2802 1047 2850 novum
1096 2783 1455 2865 colloquium
1502 2784 1727 2865 incipit.
2065 2791 2068 2800 '

396 2891 531 2956 Alia
576 2890 889 2958 difficultas
932 2892 1127 2971 posita
1165 2900 1259 2956 est
1298 2896 1358 2966 in
1404 2912 1589 2958 scena
1636 2894 1731 2960 lv,
1755 2891 1814 2956 7.
1860 2895 2029 2974 Quae
2059 2914 2234 2978 quum
2261 2916 2412 2980 pro-

214 3007 359 3082 pter
398 3000 598 3066 militis
645 3000 917 3066 facinora
962 3000 1044 3068 ihi
1091 3001 1356 3066 exhibita
1425 3004 1777 3078 necessario
1821 3006 2120 3083 pertineat
2160 3006 2238 3065 ad
2277 3007 2406 3067 Co·-

208 3108 415 3174 lacem
437 3155 455 3187 ‚
493 3109 683 3176 verba
731 3107 1002 3176 continet
1039 3109 1409 3187 chremetis,
1467 3126 1624 3189 quae
1664 3124 1925 3188 persona
1995 3108 2268 3180 Eunuchi
2312 3119 2405 3176 est

212 3220 483 3299 propria.
562 3219 823 3282 Hoc-ita
870 3219 1146 3295 solvitur,
1189 3225 1255 3288 ut
1274 3218 1564 3297 dicamus»,
1610 3216 1988 3290 Chremetem
2016 3220 2256 3301 quidem
2281 3239 2407 3294 no·-

323 3445 415 3506 15)
446 3443 783 3496 sustentatur
829 3440 960 3498 haec
995 3443 1252 3496 sententia
1278 3479 1295 3507 ‚
1335 3445 1380 3500 si
1420 3453 1565 3510 recte
1600 3446 2027 3513 wyttenbachius
2060 3447 2404 3514 fragmentum

214 3538 429 3592 Colacis
468 3538 628 3609 (apud
670 3536 932 3589 Plutarch.
970 3536 1036 3588 de
1073 3536 1282 3589 Adulaa
1318 3547 1372 3594 et
1407 3539 1523 3594 Am,
1567 3556 1615 3607 p.
1655 3544 1740 3598 57.
1783 3549 1835 3613 a)
1875 3546 2075 3614 γέλωτι
2114 3539 2255 3614 πρὸς
2303 3537 2405 3598 τὸν

210 3629 498 3701 ,Κύπριον
532 3632 956 3702 &amorigerae
995 3634 1312 3698 comparavit
1345 3650 1459 3688 cum
1481 3638 1689 3710 parasiti
1717 3636 1890 3689 verbis
1932 3637 2084 3710 (Eun.
2101 3637 2194 3694 111.
2220 3638 2268 3702 2,
2289 3638 2404 3710 44),

210 3726 407 3796 quibus
446 3729 581 3779 risus
619 3744 825 3779 causam
864 3729 1134 3796 quaerenti
1177 3727 1421 3781 Thrasoni
1443 3732 1755 3799 respondet:
1796 3734 1937 3785 Istud
1959 3735 2091 3801 quod
2108 3734 2239 3785 dixti
2254 3733 2401 3783 modo

208 3831 263 3874 ee
300 3821 434 3873 illud
466 3822 527 3872 dc
563 3823 766 3874 Rhodio
806 3824 995 3876 dictum
1031 3840 1181 3891 quum
1215 3825 1272 3875 in
1304 3835 1522 3877 mentem
1560 3829 1699 3879 venit
1717 3867 1734 3892 ‚
1788 3837 1845 3879 ut
1890 3828 2156 3881 Menandri
2204 3826 2400 3895 Cyprio

206 3916 487 3970 Terentius
528 3916 788 3969 Rhodium
828 3918 1168 3971 substituerit.

327 4012 416 4086 16)
455 4012 638 4064 Paucis
673 4015 880 4066 mutatis
918 4030 1101 4066 versus
1145 4016 1173 4068 7
1212 4013 1277 4066 ad
1319 4015 1388 4066 44
1424 4015 1660 4068 distribui
1714 4023 1935 4084 possunt
1985 4017 2119 4068 inter
2172 4031 2405 4079 servum,

218 4110 555 4166 meretricem,
588 4117 643 4160 et
679 4110 954 4176 parasitum
975 4127 999 4174 3.
1027 4125 1214 4180 nempe
1251 4111 1561 4166 eiiciendum
1598 4120 1679 4165 cst
1716 4114 1805 4165 viat
1841 4128 1872 4164 e
1909 4125 2065 4168 versu
2107 4112 2173 4166 19
2208 4122 2262 4170 et
2283 4111 2407 4168 lenio

189 4217 224 4253 e
266 4219 425 4256 versu
469 4206 554 4257 37.
1487 4213 1492 4220 “
1714 4211 1720 4220 ’
2399 4211 2405 4220 ⁴
