2942 4849
1202 305 1690 375 -33-

353 496 741 559 coniecturae
780 492 1023 555 multum
1071 491 1506 572 probabilitatis
1548 490 1791 554 accedit
1846 508 1962 569 eo,
2020 491 2181 573 quod
2236 490 2413 557 simili
2449 492 2535 556 li-

353 605 539 668 brarii
579 619 793 665 errore
831 600 1080 663 alterum
1128 599 1524 681 fragmentum
1566 612 1691 680 (ap.
1736 598 1906 662 Stob.
1951 598 2103 662 Flor.
2146 598 2291 661 LVI.
2332 598 2391 661 3.
2438 616 2532 680 ap.

350 713 532 775 Mein.
577 728 635 791 p.
678 708 779 773 76.
822 709 963 790 frgt.
1016 707 1223 785 Vnt),
1268 707 1429 787 quod
1475 706 1552 768 ad
1585 704 1819 779 Ἁλιεῖς
1859 707 2165 797 pertinere
2209 706 2535 770 Grauertus

246 831 261 844 ⁸
354 817 586 895 (Anall.
627 835 684 897 p.
728 813 845 878 143
882 824 1007 895 sq.)
1052 820 1113 876 et
1156 813 1491 875 Meinekius
1536 813 1847 889 viderunt,
1904 812 2058 874 male
2102 813 2181 875 ad
2223 813 2535 893 Adelphos

354 932 486 987 erat
526 924 796 987 relatum.
880 923 959 985 At
1005 922 1380 985 Hermannus
1423 921 1507 1001 id,
1549 921 1708 1001 quod
1757 922 1832 983 de
1865 922 2224 983 narratione
2268 923 2539 985 Grauer-

357 1039 453 1095 tus
496 1029 921 1112 disputaverat,
963 1029 1180 1111 cupide
1208 1032 1505 1109 arripiens
1534 1028 1685 1102 Nos,
1732 1030 1941 1108 inquit,
1979 1029 2130 1091 nihil
2147 1029 2536 1093 verisimilius

351 1139 619 1201 inveniri
651 1156 837 1217 posse
881 1138 1285 1215 arbitramur,
1329 1154 1511 1213 quam
1548 1142 1618 1194 ut
1656 1135 1815 1196 banc
1855 1136 2054 1213 ipsam
2098 1136 2539 1198 comissatio-

354 1264 508 1319 nem,
554 1245 726 1306 cuius
774 1243 1100 1304 occasione
1145 1239 1485 1303 Aeschinus
1527 1240 1751 1319 fratris
1790 1241 1890 1301 sui
1929 1241 2185 1304 amicam
2201 1288 2206 1295 ι
2213 1244 2540 1322 psaltriam

353 1353 683 1431 rapuisset,
728 1352 793 1411 in
835 1350 1248 1412 Menandreae
1287 1347 1539 1427 fabulae
1583 1347 1754 1407 initio
1784 1347 1872 1408 ita
1898 1357 2219 1413 narratam
2243 1370 2378 1415 esse
2403 1359 2539 1414 sta-
2639 1404 2644 1412 .

356 1466 616 1535 tuamus,
654 1464 723 1518 ut
764 1463 1051 1534 quantum
1092 1455 1223 1516 eius
1252 1455 1415 1515 scire
1444 1461 1856 1532 spectatorum
1880 1455 2214 1535 interesset,
2253 1458 2376 1521 iam
2402 1466 2542 1525 ante

354 1569 621 1630 Demeae
665 1566 988 1627 adventum
1034 1564 1330 1644 coynitum
1371 1563 1679 1635 haberent.
1790 1562 1968 1637 Quod
2006 1544 2164 1627 enim
2204 1567 2542 1631 Grauertus

352 1674 476 1755 ipsi
512 1674 774 1735 Demeae
816 1673 932 1735 boc
971 1672 1112 1734 dari
1147 1670 1424 1750 potuisse
1473 1675 1718 1744 censet,
1775 1677 1845 1733 ut
1875 1688 2032 1750 quae
2067 1680 2255 1753 poeta
2289 1680 2542 1754 specta-

351 1789 516 1847 tores
539 1799 904 1862 coqnoscere
930 1781 1125 1858 vellet,
1156 1783 1507 1856 exponeret,
1544 1778 1962 1845 narrationem
1997 1780 2150 1857 eius,
2195 1796 2354 1861 quae
2378 1783 2548 1862 apud

353 1890 697 1952 Terentium
738 1888 970 1966 legitur,
1010 1887 1102 1947 ita
1141 1892 1377 1947 tantum
1412 1882 1729 1964 suffecisse
1770 1887 2163 1967 arbitramur,
2201 1890 2260 1951 si
2281 1906 2425 1952 mou:
2444 1891 2542 1952 si-

351 1998 511 2060 milis
558 1996 918 2058 Terentiano
962 1994 1265 2056 secundus
1302 2000 1479 2055 actus
1519 1994 1887 2073 sequebatur
1904 2042 1924 2074 ,
1968 1996 2127 2059 unde
2166 2005 2543 2076 spectatores

349 2123 565 2169 verum
603 2104 768 2166 illius
811 2103 1113 2182 raptionis
1152 2102 1469 2165 consilium
1495 2101 1901 2183 Aeschinique
1921 2104 2167 2183 facinus
2188 2122 2307 2184 pro
2341 2107 2545 2186 fratre

344 2219 766 2294 perpetratum
805 2216 1268 2292 cognoscerent,
1338 2210 1438 2272 sin
1500 2211 1699 2272 minus
1723 2256 1745 2286 ,
1815 2212 1987 2291 lonye
2026 2212 2251 2274 rectius
2287 2215 2545 2295 prologo

346 2300 632 2387 narratio
672 2319 1150 2381 committebatur
1195 2334 1369 2394 quem
1407 2317 1781 2396 eoeponendis
1822 2324 1961 2380 ante
2027 2320 2182 2381 actis
2224 2321 2546 2385 solemnem

353 2431 551 2492 locum
588 2428 787 2510 fuisse
831 2433 1068 2489 constat
1084 2469 1107 2501 ,
1183 2426 1362 2505 idque
1428 2432 1498 2487 ut
1537 2427 1721 2488 multo
1762 2424 2145 2506 probabilius
2190 2429 2542 2511 iudicemus,

353 2537 516 2600 alius
550 2553 796 2616 ⁴quoque
836 2533 1159 2598 Menandri
1202 2551 1422 2597 versus
1463 2535 1633 2614 apud
1668 2534 1976 2597 Donatum
2002 2536 2279 2615 quamvis
2320 2556 2545 2601 corru-

345 2646 665 2727 ptissimus
712 2644 897 2725 efficit
916 2647 1023 2723 ²⁷).
1134 2643 1455 2724 Prologum
1518 2648 1719 2706 autem
1780 2643 1924 2707 dicit
1987 2644 2362 2709 Hermannus
2416 2665 2543 2710 non

358 2771 535 2831 eum,
594 2754 696 2831 qui
755 2754 829 2814 ab
891 2759 1100 2814 actore
1164 2752 1298 2813 sine
1356 2753 1727 2813 ornamentis
1771 2758 1833 2813 et
1880 2753 2327 2831 quodammodo
2372 2763 2543 2818 extra

362 2857 624 2921 fabulam
662 2858 1160 2938 pronuntiabatur
1203 2858 1361 2936 apud
1387 2858 1667 2934 ‚Plautum
1701 2859 2176 2942 Terentiumque,
2220 2862 2331 2926 sed
2380 2865 2543 2943 quod

351 2982 471 3029 nos
518 2966 942 3063 consuevimus
984 2962 1422 3043 expositionem
1462 2982 1690 3028 vocare
1712 3010 1733 3044 ,
1801 2985 1955 3048 quae
2013 2971 2280 3032 continet
2323 2989 2544 3035 narra-

353 3078 577 3139 tionem
636 3092 874 3153 rerum,
899 3156 907 3164 .
933 3073 1147 3154 quibus
1206 3073 1365 3136 actio
1405 3074 1616 3136 nititur
1675 3081 1736 3136 et
1775 3075 2049 3141 tribuitur
2093 3078 2194 3140 uni
2238 3096 2316 3141 ex
2360 3078 2543 3143 fabu-

358 3183 456 3246 lae
497 3182 798 3267 personiS.
910 3181 1061 3244 Eum
1100 3182 1416 3265 prologum
1483 3182 1861 3245 Hermanuus
1915 3184 2292 3249 tribuendum
2353 3188 2541 3251 fuisse

354 3292 509 3373 Syro
554 3290 700 3352 dicit
738 3298 912 3372 (pag.
954 3287 1087 3365 IV.)
1129 3288 1257 3368 qui,
1296 3288 1600 3351 Aeschino
1644 3309 1779 3353 cum
1826 3291 2037 3356 lenone
2078 3294 2165 3356 ad
2195 3295 2400 3374 forum
2440 3297 2541 3358 di-

348 3416 565 3480 9resso
587 3444 607 3478 ,
667 3415 803 3460 cum
859 3395 1218 3475 ctesiphone
1282 3402 1340 3459 et
1388 3397 1661 3477 psaltria
1723 3399 1959 3465 domum
2019 3402 2272 3465 redierit
2326 3404 2541 3487 hisque

494 3698 586 3768 27)
620 3698 985 3768 Fragmentum
1026 3700 1152 3752 dicit
1185 3700 1507 3768 Hermannus
1545 3717 1577 3754 a
1608 3702 1811 3755 Donato
1848 3704 1924 3755 ad*
1951 3703 2220 3774 Adelphos
2270 3708 2336 3761 11.
2373 3687 2427 3776 '1,
2465 3712 2536 3767 45

353 3791 568 3846 allatum
605 3807 637 3844 a
667 3794 947 3848 Menandro
1007 3814 1269 3869 aiyoch
1302 3783 1489 3856 nemu
1523 3817 1713 3869 τοιγος
1751 3816 1932 3872 puato
1969 3819 2069 3856 τον
2106 3820 2341 3874 γρωνον
2381 3823 2531 3860 ome..

353 3906 454 3954 την
488 3891 708 3956 lupar,
746 3902 810 3939 ex
853 3904 956 3957 quo
996 3903 1182 3943 versus
1220 3890 1480 3943 excudere
1518 3899 1733 3945 conatus
1770 3900 1885 3958 est,
1920 3892 2013 3946 sed
2049 3894 2249 3947 infelici
2283 3913 2533 3955 successu

352 3984 506 4035 etiam
545 3992 841 4050 propterea,
881 3985 1019 4053 quod
1052 4001 1162 4038 non
1201 3986 1305 4053 ipsi
1333 3986 1513 4040 lenoni
1552 3986 1715 4039 verba
1747 3988 1941 4048 tribuit.
2009 3989 2132 4060 Ego
2167 3992 2221 4043 in
2242 4011 2420 4064 ρπατο
2446 3998 2532 4049 vi-

351 4078 478 4130 deor
513 4080 639 4133 mibi
680 4082 885 4133 tertiam
919 4095 1194 4147 personam
1232 4083 1382 4137 verbi
1421 4098 1730 4151 agnoscere,
1766 4099 1871 4154 quo
1904 4086 2219 4142 Aeschinum
2257 4093 2311 4143 iu
2348 4107 2407 4145 se
2446 4095 2531 4146 iu·

350 4183 558 4229 vectum
585 4192 704 4232 esse
743 4176 868 4232 leno
907 4179 1210 4231 narraverit.

2086 4288 2157 4402 3.
