2942 4849
536 1326 709 1423 Non
753 1324 1123 1421 mediocrem
1163 1353 1313 1417 'viris
1357 1352 1556 1417 doctis
1586 1344 2017 1417 difficultatem
2083 1353 2352 1421 exhibuit
2390 1353 2543 1433 viol-

364 1466 505 1533 catii
569 1465 823 1546 Sedigiti
872 1464 1041 1575 apud
1073 1463 1325 1557 Gellium
1368 1451 1525 1540 X1V‚
1571 1458 1653 1527 24
1726 1461 1804 1525 de
1847 1463 2097 1525 comicis
2141 1461 2544 1549 Romanorum

252 1628 257 1635 .
363 1570 589 1661 poetis
607 1571 936 1649 iudicium,
1007 1586 1042 1632 a
1086 1587 1203 1665 quo
1248 1587 1427 1649 quum
1491 1585 1690 1657 aequo
1750 1568 1948 1639 animo
1997 1571 2256 1635 viderint
2295 1573 2547 1667 primum

332 1680 562 1775 locum
603 1679 869 1745 Caecilio
918 1679 1096 1742 tribui
1140 1684 1200 1741 et
1240 1678 1444 1742 Plauto
1491 1678 1819 1741 secundum
1848 1723 1886 1768 ,
1940 1695 2062 1755 non
2118 1679 2281 1745 ferre
2327 1688 2546 1762 potue-

359 1768 516 1868 runt,
562 1789 939 1867 Terentium,
982 1790 1338 1869 scriptorem
1381 1786 1915 1871 elegantissimum,
1962 1803 2138 1879 quem
2181 1772 2546 1853 dimidiatum

361 1896 752 1961 Menandrum
802 1896 1063 1974 Caesar,
1104 1890 1296 1959 iudex
1345 1895 1406 1957 in
1457 1894 1573 1957 hac
1627 1912 1696 1957 re
1733 1896 2168 1976 gravissimuS‚
2215 1898 2546 1978 vocaverit,

358 2013 562 2097 sexto
578 2005 817 2069 demum
853 1990 992 2068 loco
1044 2004 1330 2067 collocari
1375 2009 1437 2065 et
1476 2004 1754 2085 postponi
1792 2004 2075 2079 Naevi0,
2083 2004 2343 2083 Licinio,
2388 2005 2552 2069 Atti-

358 2091 463 2194 lio,
507 2115 768 2177 nominis
812 2113 997 2177 multo
1043 2092 1414 2175 obscurioris
1458 2113 1674 2199 poetis.
1730 2113 1901 2213 Hanc
1927 2113 2329 2205 difficultatem
2356 2131 2547 2195 nuper

360 2221 743 2307 Ladewigius
786 2223 899 2298 (in
931 2220 1082 2302 disp.
1129 2221 1204 2281 de
1246 2221 1494 2283 Canone
1537 2220 1821 2298 Vulcatii)
1866 2221 2107 2284 solvere
2159 2199 2409 2287 conatus
2454 2229 2549 2289 est

364 2331 444 2393 ita
488 2338 551 2393 ut
575 2330 824 2404 diceret,
869 2327 1209 2405 Volcatium¹
1229 2326 1288 2387 in
1314 2327 1663 2409 ordinandis
1703 2328 1952 2389 comicis
1995 2328 2193 2390 latinis
2237 2335 2546 2421 spectasse

362 2459 486 2504 non
525 2416 949 2521 praestantiam
990 2427 1319 2524 fabularum
1364 2439 1441 2499 inv
1468 2438 1816 2531 universum
1860 2437 1969 2500 sed
2009 2438 2302 2512 minorem
2344 2439 2545 2502 maio·
2629 2513 2632 2516 ,

298 2571 309 2594 .-
361 2565 601 2624 remve,
641 2563 816 2630 quam
861 2545 920 2606 in
962 2541 1397 2610 transferendis
1433 2533 1697 2627 ’graecis‘
1730 2545 2112 2610 adhibuerint
2153 2544 2546 2632 diligentiam.

362 2657 536 2732 Quod
583 2643 757 2737 quam
804 2655 882 2718 sit
922 2669 1067 2718 vere
1112 2653 1501 2740 disputatum,
1545 2672 1703 2724 nunc
1743 2672 1865 2736 non
1910 2659 2091 2731 cu'r03
2138 2655 2298 2734 quod
2341 2662 2540 2720 autem

322 2763 440 2831 ad
486 2764 828 2833 Terentium
871 2763 1129 2845 attinet,
1178 2757 1363 2834 lectio,
1408 2762 1536 2856 eius
1581 2768 1800 2842 poetae
1839 2761 2290 2856 diligentissima
2339 2781 2535 2828 come

359 2870 647 2958 adduxit,
694 2877 760 2936 ut
807 2872 860 2932 si
904 2889 1038 2931 eam
1083 2870 1682 2962 quam'Ladewigius
1726 2859 1995 2933 Volcatio
2033 2861 2234 2942 tribuit
2287 2891 2535 2953 mensu..

359 2998 489 3043 ram
539 2978 871 3058 adhibeas,
932 2987 1165 3045 sextum
1216 2977 1422 3070 'locum
1469 2979 1597 3044 iure
1645 2997 1779 3071 ‚eum
1827 2981 2100 3046 obtinere
2155 2957 2532 3046 contendam.

355 3090 494 3154 Scio
543 3088 782 3169 quidem
823 3081 982 3152 hanc
1012 3106 1210 3175 meam
1255 3090 1611 3172 sententiam
1637 3090 1854 3152 mirum
1891 3094 2178 3176 quantum
2198 3089 2529 3174 abliorrere

360 3197 434 3272 ab
478 3214 551 3260 ea
565 3243 594 3274 ,
640 3214 794 3275 quae
834 3215 993 3258 nunc
1037 3204 1132 3259 est
1175 3197 1483 3275 vulgaris3
1547 3196 1657 3286 sed
1697 3197 1811 3262 hac
1855 3196 2223 3286 'cogitatione
2266 3214 2360 3260 me
2389 3215 2536 3288 ιιοιι

355 3305 550 3386 patiar
593 3301 839 3376 retineri
892 3306 1229 3384 quominuS,
1254 3303 1436 3390 quod
1483 3305 1625 3385 mihi
1653 3287 2005 3396 persuasum
2043 3312 2157 3383 est,
2200 3315 2524 3392 argumen-

358 3414 543 3478 tando
593 3429 784 3476 coner
829 3411 969 3498 aliis
1005 3407 1241 3492 quoque
1282 3411 1668 3518 persuadere.
1754 3413 2000 3478 Confido
2026 3420 2222 3480 autem
2260 3431 2394 3506 mea
2423 3433 2531 3478 ar-
2635 3425 2638 3428 “

351 3530 636 3606 gumenta
698 3537 820 3583 non
886 3520 1033 3582 fore
1092 3517 1383 3604 debiliora
1445 3512 1622 3600 quam
1693 3521 2174 3614 adversariorum
2219 3541 2523 3614 meorum3

353 3650 492 3694 nam
539 3630 955 3696 Schroederus
1000 3630 1080 3691 ita
1132 3627 1417 3708 disputat
1429 3628 1627 3709 (Disp.
1674 3628 1749 3692 de
1769 3607 1939 3718 Rom.
1967 3633 2181 3722 morib.
2200 3633 2338 3714 pall.
2365 3633 2524 3698 sabb.

352 3741 708 3819 immixtisp.
732 3738 804 3815 6)
847 3733 1136 3817 „artificis
1185 3739 1574 3830 praeconium
1616 3737 1776 3820 nullo
1819 3713 1998 3804 modi)
2036 3743 2242 3805 tribui
2255 3740 2524 3824 potuisse

240 3895 245 3900 .
356 3857 476 3924 (sc.
527 3851 599 3910 ab
644 3848 786 3910 Hor.
830 3848 938 3928 Ep.
983 3848 1052 3909 ΙΙ.
1104 3848 1158 3921 1,
1166 3847 1294 3923 59)
1356 3847 1791 3932 versificatori,
1855 3851 1954 3930 qui
1993 3867 2249 3931 graecas
2293 3849 2524 3914 fabulas

266 3999 271 4003 -
350 3955 718 4019 reddidisset
757 3955 1160 4046 tantummodo
1208 3963 1269 4018 et
1311 3973 1371 4016 m
1396 3954 1638 4017 latinum
1684 3958 2082 4018 transtulisset
2119 3947 2523 4035 sermonem“,

351 4071 414 4126 et
448 4065 623 4145 paulo
667 4070 803 4166 post
847 4065 927 4126 ait
989 4058 1166 4141 „Quo
1209 4077 1359 4126 vero
1400 4070 1577 4144 pacto
1614 4064 1836 4144 fecisse
1875 4082 1942 4126 se
1990 4063 2221 4126 fabulas
2261 4065 2524 4146 profiteri

226 4205 249 4236 a
322 4177 605 4251 poterat
628 4157 940 4250 Terentius
980 4182 1108 4248 ..(sc
1152 4171 1340 4234 Andr.
1389 4171 1538 4308 prol.
1588 4174 1643 4234 2
1681 4172 1831 4234 Eun.
1874 4147 2024 4251 prol.
2069 4172 2230 4250 init.)
2299 4174 2356 4238 si
2398 4171 2516 4233 fide
