2942 4849
831 332 841 342 ·
940 322 1097 397 ··.:
1189 286 1451 419 {sk-{j
1493 316 1539 383 2
1642 350 1736 361 --

386 534 570 608 ‘qua
622 509 1029 605 praemium
1082 531 1492 595 merueram
1546 505 2062 604 disputatione.
2183 512 2265 582 Id
2306 526 2590 585 tautum

419 658 629 733 aegre
680 634 1048 726 ferebam,
1131 630 1339 728 quod
1390 646 1693 730 propter
1754 633 2025 704 nimios
2091 648 2367 706 sumtus
2440 662 2595 708 non

394 759 643 857 potui·
699 771 940 829 totum
1015 757 1342 827 libellum
1438 757 1633 853 typis
1706 756 2210 831 excudendum
2299 784 2590 853 curare3

386 866 863 979 quamquam
914 879 1062 950 hoc
1112 879 1346 973 ipsum
1405 903 1491 950 ex
1545 878 1682 949 alia
1725 893 1932 975 parte
1977 882 2162 953 mihi
2195 882 2593 954 iucundum

415 1004 570 1076 fuit.
672 1004 848 1075 Nam
905 1028 1133 1098 quum
1187 1002 1262 1072 in
1310 1003 1645 1073 maximis
1696 1003 1825 1073 otii
1878 1007 2219 1100 angustiis
2274 1031 2366 1076 ne
2428 1031 2587 1077 eam

420 1126 720 1225 quidem
750 1180 773 1221 ,
845 1151 1064 1223 quam
1119 1102 1395 1198 seiunxi
1450 1139 1523 1196 et
1574 1151 1771 1198 nune
1818 1127 2210 1197 lectoribus
2284 1130 2599 1223 praebeo

419 1251 845 1348 particulam
893 1276 1186 1346 possem
1240 1251 1340 1325 ita
1379 1265 1461 1322 ut
1513 1265 1587 1321 et
1634 1251 1830 1327 volui
1904 1264 1979 1321 et
2026 1249 2273 1322 decuit
2323 1267 2604 1346 pertra-

420 1387 616 1445 ctare
686 1387 759 1445 et
820 1375 923 1446 ab
981 1375 1187 1445 omni
1253 1387 1460 1470 parte
1518 1373 1926 1466 absolvere,
2001 1374 2129 1470 qui
2199 1374 2597 1469 potuissem

422 1520 737 1592 sperare,
784 1508 946 1567 toto
997 1494 1348 1590 opusculo
1400 1518 1549 1565 una
1591 1493 1987 1565 edito'viris
2015 1495 2270 1601 ‚doctis
2302 1521 2422 1568 me
2446 1497 2595 1567 ullo

425 1618 654 1690 modo
704 1615 1324 1714 gratificaturum?
1428 1616 1678 1713 Quare
1729 1618 1984 1712 laetor,
2030 1645 2246 1716 posse
2287 1645 2408 1691 me
2432 1626 2603 1717 par-

424 1756 575 1813 tem
618 1742 1105 1839 posteriorem
1159 1756 1355 1815 nunc
1401 1741 1619 1812 etiam
1671 1739 2011 1837 retinere,
2061 1757 2136 1825 et
2180 1742 2397 1840 spero
2447 1744 2603 1817 fore

422 1878 506 1937 ut
550 1889 635 1936 ea
671 1864 1191 1937 nonnullorum
1231 1863 1588 1935 mensium
1625 1864 1873 1936 labore
1927 1881 2281 1939 concocta
2332 1881 2406 1939 et
2439 1891 2604 1965 per·
2647 1862 2650 1867 ’

424 1974 725 2061 traetata
772 1987 1000 2086 magis
1045 1988 1139 2059 sit
1188 2011 1411 2084 quam
1464 1984 1648 2060 haec
1696 1990 1905 2083 pri'or
1953 1991 2327 2086 placitura.
2416 2045 2424 2051 .
