2942 4849
1214 329 1696 395 ...12-

372 512 710 580 Andriae?
773 514 1076 597 Expedite
1125 494 1259 578 boc
1289 522 1541 579 conatus
1581 521 1675 577 est
1694 515 2020 583 Grauertus
2058 515 2282 593 (Anali.
2308 534 2365 598 p.
2390 513 2543 593 175)

370 625 571 708 subtili
615 642 767 687 sane
812 624 1099 703 artificio,
1139 631 1471 689 ratus-non
1515 630 1699 687 totam
1740 641 1988 688 scenam
2033 627 2280 704 primam
2324 643 2360 687 a
2408 626 2543 687 Do·-

312 718 317 727 ’
370 740 514 797 nato
559 733 703 816 diciu
722 749 916 814 paene
951 732 1166 796 iisdem
1212 734 1414 796 verbis
1461 736 1742 813 scriptam
1787 751 1927 795 esse
1967 735 2033 796 in
2056 741 2307 814 utraque
2325 733 2547 811 fabula,

372 842 485 906 sed
528 849 758 923 partem
814 843 945 905 eius
1003 841 1427 933 principalem,
1470 844 1509 904 i.
1556 860 1610 905 e.
1652 844 1818 905 senis
1857 844 2285 906 narrationem.
2395 842 2550 904 Cre-

370 951 563 1014 dasne
607 956 673 1014 tu
708 968 882 1029 vere,
918 951 1238 1029 Donatum,
1286 952 1388 1032 qui
1427 958 1547 1015 tam
1594 951 1914 1033 diligenter
1956 951 2040 1014 XI
2083 958 2145 1013 et
2184 951 2298 1013 XX
2335 968 2548 1014 versus

370 1068 662 1139 numerat,
700 1062 800 1143 qui
843 1068 1082 1141 praeter
1130 1062 1378 1142 primam
1420 1064 1665 1124 scenam
1704 1061 1925 1125 fuerint
1966 1063 2025 1122 in
2070 1061 2300 1124 Andria
2345 1068 2405 1123 et
2434 1062 2550 1122 Pe-

368 1170 591 1234 rimata
633 1169 958 1248 collocati,
1000 1170 1187 1232 fuisse
1235 1177 1354 1232 tam
1397 1172 1630 1232 incerte
1679 1170 1969 1232 dicturum
2008 1169 2272 1250 primam
2310 1187 2553 1230 scenoem

364 1295 567 1358 paene
611 1268 826 1339 iisdem·
861 1277 1065 1339 verbis
1105 1278 1397 1358 scriptam
1438 1278 1532 1340 bis
1577 1285 1857 1354 exstare,
1904 1279 1956 1342 si
2003 1279 2080 1342 ad
2126 1279 2374 1360 triginta
2424 1279 2554 1341 eius

369 1403 596 1449 scenae
636 1402 848 1448 versus
891 1387 950 1451 in
998 1386 1281 1448 alterutra
1342 1386 1542 1447 fabula
1583 1403 1722 1449 non
1774 1370 2312 1466 comparuissent?
2403 1384 2553 1448 Nam

371 1502 464 1558 tot
501 1495 630 1557 fere
674 1513 886 1557 versus
924 1501 1096 1558 extra
1141 1495 1307 1556 senis
1353 1495 1760 1557 narrationem
1802 1495 1863 1556 in
1885 1495 2077 1577 prima
2116 1512 2302 1557 scena
2333 1493 2555 1575 legun-

366 1606 484 1669 tur.
569 1603 714 1666 Tum
756 1610 951 1666 autem
970 1647 989 1681 ,
1052 1603 1450 1669 credamusne
1494 1603 1881 1667 scholiastam
1926 1603 2088 1666 illum
2129 1620 2414 1685 sagacem
2457 1603 2559 1663 in-

308 1749 315 1757 ·
370 1714 646 1792 spexisse
685 1711 1070 1790 Perinthiam,
1116 1712 1280 1793 quod
1323 1719 1441 1774 tam
1487 1712 1864 1775 confidenter
1908 1713 2055 1775 dicit
2095 1692 2172 1774 de
2217 1729 2292 1773 ea
2321 1712 2556 1773 Teren-

374 1823 518 1884 tium
562 1821 809 1902 primam
852 1838 1099 1883 scenam
1139 1821 1486 1884 sumsisse?
1586 1822 1871 1884 Profecto
1933 1822 1986 1884 si
2040 1820 2142 1884 ille
2197 1820 2557 1883 Perinthiam

378 1929 731 1993 contulisset
799 1947 932 1991 cum
976 1928 1175 1992 fabula
1221 1929 1438 2014 latina,
1494 1929 1592 1992 vel
1631 1932 2043 1995 tantummodo
2084 1931 2258 1993 huius
2304 1931 2556 2009 primam

375 2042 622 2105 scenam
661 2033 1021 2117 perlegisset
1052 2035 1388 2118 diligenter,
1427 2037 1701 2116 vidisset,
1749 2040 1987 2119 opinor,
2015 2055 2160 2101 non
2198 2039 2467 2119 potuisse
2490 2039 2554 2099 in

373 2144 674 2208 Perinthia
709 2163 918 2207 senem
964 2145 1053 2206 ita
1093 2163 1228 2206 cwm
1269 2163 1467 2208 umore
1511 2145 1691 2225 loqui,
1729 2150 1801 2205 ut
1846 2145 2015 2224 apud
2057 2142 2396 2205 Terentium
2421 2161 2555 2204 cum

374 2238 607 2325 liberto,
700 2255 859 2317 *Nam
921 2253 1282 2336 colloquium
1339 2272 1530 2337 usque
1572 2256 1651 2317 ad
1697 2274 1755 2316 v.
1802 2255 1881 2318 20
1927 2253 2168 2316 nonnisi
2210 2250 2435 2313 domini
2475 2251 2557 2314 li-

378 2363 649 2444 bertique
691 2369 892 2444 potest
933 2381 1105 2441 esse3
1152 2370 1356 2464 cetera
1386 2370 1603 2441 autem,
1644 2379 1798 2444 quae
1837 2363 1994 2423 inter
2034 2361 2199 2423 senis
2248 2361 2556 2453 narratio-7

378 2490 520 2540 nem
562 2473 885 2552 interponit
923 2474 1117 2551 Sosia,
1155 2491 1458 2554 perpauca
1501 2480 1655 2551 sunt,
1702 2480 1763 2534 et
1804 2473 1886 2534 ita
1938 2477 2304 2551 comparata,
2346 2479 2410 2533 ut
2442 2472 2556 2532 etsi

381 2573 507 2643 non
572 2581 939 2644 abhorreant
993 2600 1028 2643 a
1072 2582 1335 2644 mulieris
1380 2583 1692 2659 oratione,
1747 2587 1946 2641 tamen
2005 2577 2186 2641 multo
2241 2578 2450 2641 melius
2494 2579 2555 2639 in

376 2707 615 2752 servum
660 2692 1118 2768 conveniantss).
1202 2689 1499 2767 Accedit,
1570 2687 1731 2767 quod
1772 2685 1942 2747 nullo
1977 2686 2159 2747 modo
2202 2693 2394 2747 mater
2438 2703 2558 2767 po-

245 2777 249 2781 ·
348 2798 488 2859 ‘tuit
530 2814 603 2859 ea
642 2797 746 2860 filii
786 2798 946 2860 facta
994 2799 1321 2878 ignorare,
1375 2813 1531 2877 quae
1574 2795 1738 2859 Simo
1782 2812 1918 2856 cum
1958 2791 2177 2856 liberto
2220 2795 2559 2858 communi-a

290 2913 303 2924 ⁴
381 2914 495 2969 cat.
611 2907 799 2981 Quam
857 2907 935 2990 ab
981 2923 1125 2966 <rem
1186 2921 1266 2965 ne
1309 2903 1452 2965 illud
1497 2904 1736 2985 quidem
1778 2921 1986 2965 verum
2035 2904 2328 2987 arbitror,
2395 2903 2559 2986 quod

376 3015 523 3078 dicit
565 2995 1014 3078 scholiasta‘in
1052 3004 1293 3093 graeca·
1324 3012 1532 3076 fabula
1579 3029 1715 3075 cum
1756 3030 1945 3074 uxore
1991 3022 2198 3072 sen‘em
2256 3010 2560 3073 confabu-

378 3125 526 3204 lari,
564 3125 879 3204 totumque
916 3122 1211 3185 scholium
1248 3140 1377 3188 non
1421 3137 1560 3184 esse
1606 3119 1826 3183 Donati
1869 3121 2179 3183 contendo
2231 3120 2340 3182 sed
2389 3120 2559 3181 eius-

379 3231 516 3302 dem
559 3238 661 3294 aut
702 3230 913 3293 similis
954 3233 1268 3313 nugatoris
1311 3232 1462 3309 eiuS,
1500 3232 1612 3310 qui
1658 3230 1734 3292 de
1779 3230 2042 3296 Charino
2068 3238 2130 3293 et
2155 3230 2408 3312 Byrrhia
2438 3233 2557 3292 Te*

376 3344 572 3408 r-entio
621 3339 1036 3408 adiudicandis
1085 3347 1180 3401 est
1222 3338 1569 3402 hariolatus

550 3450 734 3513 Missa
781 3449 898 3509 iam
926 3450 1182 3524 ratione,
1231 3461 1344 3527 qua
1383 3448 1686 3510 inductum
1718 3448 2056 3511 Terentium
2088 3454 2346 3511 autumat
2375 3444 2565 3507 scho-

381 3562 575 3639 liasta,
621 3566 683 3621 ut
727 3558 1043 3622 Charinum
1095 3565 1155 3618 et
1190 3556 1500 3638 Byrrbiam
1545 3556 1795 3619 adderet
1836 3557 2098 3636 fabulae,
2143 3557 2326 3635 ipsius
2360 3553 2561 3634 magi-

380 3670 488 3733 stri
536 3673 970 3749 argumentum,
1019 3665 1178 3745 quod
1226 3672 1365 3744 est,
1411 3682 1553 3725 nam
1593 3682 1716 3724 non
1757 3671 1898 3725 sunt
1938 3663 2104 3742 apud
2142 3662 2561 3737 Menandrum,

383 3779 445 3840 in
492 3775 774 3839 iudicium
813 3793 1121 3838 vocemus·
1220 3776 1312 3838 Ex
1354 3792 1430 3836 eo
1476 3781 1708 3853 autem,
1772 3773 1911 3853 quid
1953 3770 2156 3854 colligi
2194 3773 2434 3854 possit,
2502 3778 2565 3833 ut

319 3926 323 3930 ν
384 3895 700 3969 appareat,
761 3904 953 3968 pauca
1010 3893 1148 3948 sunt
1187 3883 1621 3965 praemittenda
1682 3883 1758 3944 de
1808 3883 2081 3960 ratione,
2148 3900 2264 3962 qua
2322 3879 2563 3962 graecis

389 3996 826 4077 exemplaribus
868 3996 961 4058 usi
1005 3997 1123 4060 sint
1171 3995 1529 4075 interpretes
1571 3993 1933 4055 Terentiani.

465 4155 521 4220 8)
552 4156 782 4222 Apparet
823 4155 923 4207 hoc
956 4164 1162 4223 praeter
1201 4163 1376 4206 cetera
1413 4170 1478 4205 ex
1515 4149 1903 4221 proverbiorum
1932 4165 2027 4200 usu
2058 4146 2423 4218 frequentiore,
2456 4160 2575 4199 ser-

400 4228 479 4277 vis
514 4228 740 4279 usitato.·
1025 4245 1031 4254 ’
1528 4225 1532 4232 “

2892 2489 2936 2608 ⁴8„
