2942 4849
1253 366 1343 382 ....
1452 332 1500 400 9
1602 364 1694 381 ..-

558 521 665 585 His
726 518 1060 584 rationibus
1115 519 1421 600 adducor,
1486 517 1550 584 ut
1606 521 1849 585 credam
1912 522 2074 602 prius
2143 538 2178 583 a
2238 519 2569 587 Menandro

394 630 676 710 scriptam
719 647 861 693 esse
904 628 1327 709 simpliciorem
1372 629 1648 707 fabulam,
1695 628 2004 707 Andriam,
2045 645 2222 712 quam
2253 647 2429 709 quum
2449 632 2571 693 ite-

396 755 524 799 rum
556 737 746 798 'vellet
780 742 960 817 poeta
1002 737 1065 797 in
1088 752 1274 799 scena
1300 737 1698 815 committere,
1739 742 1803 798 ut
1828 743 2038 816 posset
2064 753 2176 818 pro
2211 756 2368 801 nova
2415 758 2571 802 ven-

396 845 627 923 ditare,
696 845 812 907 alia
872 844 1162 907 orationis
1229 844 1421 907 forma
1492 844 1685 907 induit
1737 844 2066 926 paucisque
2126 849 2328 908 scenis
2384 850 2568 928 auxit,

386 954 608 1035 quibus
652 970 763 1033 pro
802 971 924 1015 uno
977 970 1184 1014 amore
1228 951 1381 1014 duos
1424 952 1711 1030 inferret,
1759 952 1991 1033 reliquo
2034 970 2158 1015 non
2201 961 2421 1017 mutato
2461 975 2570 1019 ar-

387 1067 693 1143 gumento·
777 1061 974 1140 Atque
1015 1078 1127 1122 eae
1170 1067 1308 1122 sunt
1349 1074 1597 1138 scenae,
1641 1077 1790 1140 quas
1829 1060 2142 1124 Terentius
2183 1063 2245 1124 in
2275 1063 2567 1128 Andriam

390 1186 563 1235 suam
608 1168 900 1230 transtulit
944 1188 980 1230 e
1023 1169 1420 1246 Perinthiafi).

527 1275 701 1340 'Nam
744 1278 988 1340 Charini
1028 1292 1350 1358 personam
1398 1282 1460 1339 et
1498 1275 1786 1358 Byrrhiae
1835 1276 1911 1339 de
1943 1295 2058 1340 suo
2084 1278 2420 1344 Terentium
2453 1283 2569 1343 ad-

293 1429 295 1433 <
392 1384 643 1463 didisse,
689 1385 742 1448 si
782 1393 946 1451 esset
986 1404 1095 1466 per
1134 1403 1203 1448 se
1241 1385 1591 1464 verisimile,
1638 1385 1801 1466 quod
1843 1404 1968 1449 non
2012 1393 2123 1466 est,
2169 1390 2333 1451 omni
2373 1391 2567 1453 desti..

390 1501 658 1557 tueretur
698 1493 1118 1576 probabilitate
1167 1493 1288 1555 alio
1335 1501 1713 1575 argumento.
1799 1496 2086 1559 Nimirum
2129 1496 2405 1560 Luscium
2437 1498 2569 1560 sci-

386 1620 519 1665 mus
540 1648 560 1682 ,
603 1609 953 1685 perpetuum
1003 1601 1266 1664 Terentii
1306 1602 1776 1690 obtrectatorem
1803 1647 1821 1681 ,
1866 1618 2124 1684 graecas
2168 1603 2400 1669 fabulas
2444 1612 2565 1669 tam

386 1712 709 1794 diligenter
749 1713 1031 1791 vertisse,
1075 1718 1142 1775 ut
1181 1729 1262 1773 ne
1308 1710 1526 1791 pedem
1569 1710 1809 1791 quidem
1843 1711 2107 1781 ,auderet
2145 1711 2221 1774 ab
2251 1712 2327 1775 iis
2360 1711 2567 1776 disee-
2738 1783 2746 1791 ‚

384 1820 532 1885 dere
576 1821 698 1898 (Cf.
743 1821 894 1884 Eun.
941 1821 1095 1901 prol.
1143 1819 1180 1881 7
1204 1827 1371 1901 sqq.)
1440 1824 1503 1881 et
1545 1824 1864 1900 propterea
1903 1797 2189 1882 Terentio
2229 1819 2375 1882 vitio
2418 1838 2565 1883 ver-

378 1931 564 2009 tisse,
617 1929 780 2010 quod
824 1947 949 1993 non
991 1930 1262 2010 integras
1300 1928 1604 1991 redderet.
1630 1927 1861 1991 fabulas
1899 1945 2194 2010 graecas,
2247 1927 2357 1992 sed
2403 1945 2563 1991 con·-

380 2037 732 2101 taminando
777 2044 1204 2117 corrumperet.
1306 2036 1430 2098 Iam
1478 2052 1667 2114 vere,
1736 2053 1855 2117 quo
1897 2036 2074 2098 talem
2120 2036 2311 2098 viram
2358 2036 2560 2101 animo

378 2147 627 2209 laturum
671 2145 859 2209 fuisse
907 2145 1233 2208 credamus
1268 2150 1491 2207 tantam
1530 2143 1836 2207 licentiam
1866 2188 1884 2222 ,
1932 2150 2153 2207 tantam
2197 2160 2561 2226 graecorum

382 2256 810 2337 exemplarium
859 2256 1349 2335 corruptionem,
1410 2258 1690 2334 quantam
1753 2252 1974 2316 additis
2035 2252 2112 2315 de
2171 2270 2281 2315 suo
2330 2243 2605 2316 duabus‘

380 2367 659 2447 personis
701 2364 1014 2444 Terentius
1060 2363 1174 2426 sibi
1221 2364 1389 2427 visus
1433 2367 1601 2424 esset
1647 2358 2022 2426 indulsisse?
2076 2362 2291 2424 Nonne
2321 2362 2383 2424 id
2410 2380 2558 2443 prae

380 2474 600 2535 ceteris
655 2473 728 2535 ab
795 2489 870 2534 eo
913 2473 1307 2552 vituperatum
1368 2477 1534 2534 esset
1594 2470 2102 2551 damnatumque?
2173 2488 2377 2533 nonne
2438 2472 2558 2534 tale
2653 2487 2658 2492 ·

379 2585 607 2645 crimen
652 2582 932 2644 Terentio
975 2581 1036 2642 in
1080 2581 1351 2662 prologis
1387 2580 1831 2643 defendendum
1864 2579 2132 2643 fuisset?
2171 2578 2347 2654 Quod
2379 2597 2558 2660 quum

374 2708 500 2753 non
541 2705 678 2753 esse
727 2689 947 2753 factum
988 2689 1322 2769 videamus,
1364 2689 1508 2752 illud
1547 2707 1785 2771 quoque
1830 2689 2175 2770 negandum
2211 2695 2341 2764 est,
2392 2688 2557 2769 quod

375 2800 580 2879 dieunt
637 2800 713 2862 ab
757 2804 890 2881 ipso
935 2799 1213 2863 Terentio
1260 2801 1538 2863 inventas
1584 2816 1725 2863 esse
1764 2815 2058 2880 personas
2104 2798 2293 2879 duas,
2353 2814 2556 2879 prae-

375 2909 584 2972 sertim
628 2926 805 2990 quum
845 2908 967 2975 hoc
1007 2908 1069 2970 in
1120 2908 1385 2987 Andria,
1428 2909 1616 2989 prima
1663 2926 1838 2992 quam
1880 2909 2121 2990 scripsit
2166 2907 2365 2984 fabula
2391 2954 2411 2989 ,
2456 2907 2557 2972 fa-

439 3091 498 3165 6)
537 3089 652 3143 Non
688 3091 878 3142 iniuria
918 3106 1171 3160 quaerere
1208 3090 1399 3162 aliquis
1433 3094 1629 3161 possit,
1666 3110 1758 3148 cur
1791 3108 1897 3146 non
1931 3067 2094 3144 totam
2109 3089 2420 3144 Perinthiam
2438 3107 2555 3143 ma·-

370 3184 529 3237 luerit
562 3187 830 3239 Terentius
872 3186 1170 3253 transferre,
1207 3187 1261 3239 in
1297 3203 1399 3257 qua
1439 3188 1645 3241 scilicet
1681 3205 1796 3241 cum
1834 3165 2060 3242 Andriae
2097 3195 2403 3255 argumento
2458 3202 2555 3239 eae

368 3294 563 3332 scenae
600 3282 699 3331 iam
737 3282 791 3338 in
829 3298 987 3333 unum
1027 3282 1412 3351 conglutinatae
1451 3285 1671 3351 fuerint,
1716 3262 1842 3355 quas
1880 3286 1932 3336 in
1975 3300 2067 3337 sua
2112 3281 2289 3335 fabula
2325 3281 2555 3333 noluerit

367 3374 669 3426 desiderari.
739 3376 1123 3444 Explicandum‘
1150 3389 1229 3432 est
1264 3381 1363 3432 hoc
1399 3398 1463 3433 ex
1500 3381 1734 3434 dissimili
1772 3384 2037 3445 oratione,
2074 3396 2177 3450 qua
2212 3382 2403 3447 scripta
2443 3388 2554 3431 erat

373 3470 639 3524 Perinthia
679 3471 771 3544 (cf.
811 3473 941 3524 And,
983 3474 1112 3541 prol.
1153 3477 1260 3549 12),
1297 3493 1430 3545 quae
1465 3479 1638 3529 minus
1675 3478 1916 3530 Terentio
1953 3493 2105 3546 quam
2142 3476 2369 3528 Andriae
2389 3478 2554 3532 oratio

366 3566 625 3618 credenda
664 3575 745 3619 est
786 3567 1066 3635 placuisse.
1139 3568 1218 3621 Ex
1252 3569 1352 3621 hoe
1388 3572 1751 3637 consequitur,
1791 3587 1895 3622 non
1928 3572 2001 3622 ita
2034 3570 2326 3622 Terentium
2364 3583 2554 3639 graeca

365 3662 723 3728 transtulisse,
784 3672 842 3715 ut
880 3664 1057 3732 aliquo
1094 3666 1245 3717 modo
1282 3681 1553 3718 scenarum
1594 3675 1897 3734 argumenta
1931 3666 2173 3720 redderet
2209 3667 2370 3718 latine
2390 3705 2407 3731 ,
2459 3666 2550 3719 sed

367 3757 523 3807 etiam
553 3759 837 3810 orationem
875 3775 1018 3811 suam
1055 3754 1401 3828 adgraecam
1435 3775 1667 3813 normam
1708 3758 2082 3814 conformasse.
2155 3761 2407 3815 Probatur
2452 3762 2553 3813 hoe
2637 3781 2646 3788 ·

365 3854 672 3918 comparatis
708 3853 942 3922 prologis
991 3854 1311 3907 Terentianis
1352 3856 1588 3924 ipsisque
1637 3853 1825 3918 fabulis
1850 3895 1867 3921 ,
1931 3857 1984 3907 in
2050 3856 2235 3927 quibus
2284 3853 2550 3909 dissimilis

365 3948 531 3998 oratio
570 3963 636 3999 ae
671 3947 819 4000 stilus
860 3965 964 4000 non
1002 3959 1176 4018 potest
1211 3966 1314 4002 non
1348 3953 1583 4018 agnosci.
1659 3951 1794 4016 Quin
1820 3955 1973 4004 etiam
1993 3952 2232 4004 Phormio
2259 3959 2311 4003 et
2330 3952 2553 4016 Hecyra,

365 4059 499 4110 quae
539 4059 642 4096 non
680 4060 710 4096 e
745 4045 1023 4097 Menandro
1057 4046 1339 4100 translatae
1374 4054 1512 4112 sunt,
1549 4050 1784 4100 oratione
1834 4047 2153 4116 aliquantum
2190 4047 2486 4121 discrepant
2523 4061 2554 4097 a

371 4139 557 4189 ceteris
593 4137 800 4190 fabulis.
874 4138 933 4190 Id
973 4142 1203 4192 sensisse
1243 4140 1448 4191 videtur
1488 4141 1753 4194 Beckerus
1792 4142 1879 4211 (de
1917 4128 2213 4196 com-Rom.
2238 4143 2340 4195 fab.
2368 4155 2418 4206 p.
2440 4140 2555 4210 77),

367 4245 522 4299 quum
561 4232 820 4286 diversum
861 4241 1048 4300 poetae
1090 4234 1356 4303 ingenium
1395 4234 1449 4285 in
1484 4233 1792 4287 Phormione
1842 4251 1899 4288 se
1933 4236 2197 4291 invenisse
2232 4235 2557 4309 profiteatur.
