2942 4849
1210 1309 1779 1429 1ΙῘΙΤΑ.

1348 1611 1674 1622 --.-—-—..-—..-..

596 1887 882 1950 ⁴Fuerthii
923 1871 1100 1949 uatus
1150 1902 1278 1949 sum
1323 1903 1483 1949 anno
1526 1884 1921 1957 MDCCCXXI
1963 1880 2134 1966 pat-re
2179 1883 2410 1952 Ioanne
2453 1881 2596 1945 Gai.

411 1994 583 2055 lelmo
626 1993 807 2074 Ihm,
852 2001 1042 2057 matre
1086 1973 1270 2057 Aurea
1309 1993 1601 2057 Barbara
1645 1993 1861 2056 Braun
1893 1996 1932 2073 ’,-
1955 2009 2106 2079 quos
2148 1992 2360 2055 ambos
2403 1999 2602 2054 morte·

411 2103 555 2166 mihi
599 2110 849 2186 ereptos
885 2104 1067 2186 lugeo
1111 2112 1511 2185 praematura.
1574 2105 1751 2166 Pater
1777 2120 1955 2184 quum
1984 2119 2144 2164 anno
2183 2101 2392 2164 aetatis
2422 2118 2596 2162 meae

411 2190 630 2274 octavo
676 2211 948 2274 Bormam
992 2231 1125 2275 cum
1162 2180 1395 2275 familia
1446 2214 1792 2294 migrasset,
1835 2211 2039 2290 primis
2065 2210 2392 2272 litterarum
2421 2208 2591 2272 rudi·-

407 2321 623 2380 mentis
668 2320 925 2382 imbutus
958 2336 1098 2384 sum
1138 2337 1174 2383 a
1222 2318 1286 2379 G.
1333 2316 1529 2397 Voyel‚
1573 2318 1704 2378 viro
1747 2317 2001 2398 egregio
2037 2323 2108 2389 ,et
2149 2316 2225 2379 de
2265 2330 2362 2378 me
2406 2318 2595 2378 meri-

406 2428 658 2489 tissime.
744 2428 810 2488 In
842 2427 1172 2509 Gymnasio
1203 2424 1425 2488 deinde
1476 2429 1650 2505 quum
1696 2407 2018 2487 inferiores
2059 2424 2301 2502 scholas
2338 2443 2595 2508 percur-

409 2538 650 2616 rissem,
697 2522 779 2608 C'2'
811 2537 880 2599 G.
927 2536 1155 2612 Lucas,
1198 2542 1561 2618 praeceptor
1599 2534 2400 2616 diiectissimuS‚-incertam
2426 2523 2595 2597 oble.>

409 2639 745 2708 ctationem,
783 2651 845 2706 et
887 2661 1127 2725 vagam,
1171 2661 1347 2726 quam
1392 2662 1426 2705 e
1456 2644 1728 2707 cuiusvis
1772 2644 2019 2725 generis
2063 2642 2340 2708 doctrina
2368 2647 2429 2703 et
2457 2624 2624 2721 ipso‘

322 2826 326 2830 ,
409 2752 703 2814 discendo
749 2734 1187 2833 percipiebam,
1247 2753 1375 2814 fixit
1426 2754 1488 2814 in
1535 2753 1933 2834 scriptoribus
1976 2753 2218 2834 graecis
2261 2757 2322 2820 et
2367 2750 2591 2829 latinis,

230 2905 237 2912 1
318 2885 325 2889 ·
410 2859 625 2939 quibus
668 2876 747 2920 ex
789 2875 865 2920 eo
906 2866 1177 2939 tempore
1221 2868 1407 2923 totum
1451 2880 1546 2924 me
1592 2863 1780 2938 dedi.·
1865 2862 2076 2942 Neque
2140 2861 2335 2924 minus
2373 2860 2450 2922 de
2494 2878 2592 2922 me

409 2970 660 3032 meritus
700 2943 808 3030 est*
833 2968 902 3030 L'.
934 2956 1309 3048 schemam,
1352 2972 1453 3050 qui
1499 2971 1804 3033 levitatem
1847 2970 2142 3051 quandam
2177 2974 2238 3031 et
2267 2966 2611 3050 negligen-‘

402 3077 545 3151 tiam
593 3076 882 3157 puerilem
928 3076 978 3137 si
1025 3091 1148 3137 non
1178 3078 1423 3137 omnino
1450 3078 1641 3156 potuit
1665 3078 2065 3158 restinguere,
2111 3083 2172 3140 at
2198 3083 2363 3168 certe
2392 3076 2593 3148 effecit

408 3186 712 3249 monendo
762 3192 823 3247 et
862 3185 1244 3275 castiganda,
1286 3191 1350 3248 ut
1393 3185 1699 3248 studerem
1741 3187 2018 3249 minuere
2059 3193 2121 3249 et
2156 3189 2599 3268 prorsus'evi-·

406 3300 556 3356 tare.
645 3294 887 3361 Civibus
931 3294 1295 3382 academicis
1353 3293 1693 3376 adscriptus
1750 3313 1912 3358 anno
1955 3293 2468 3358 MDCCCXXXIX
2512 3271 2590 3357 ad

406 3401 559 3464 duos
605 3420 720 3477 me,
741 3406 1112 3483 potissimum
1162 3405 1335 3467 vivos
1396 3405 1731 3485 applicavi,
1800 3423 1953 3486 quos
2013 3406 2257 3488 gaudeo
2299 3423 2480 3486 posse
2529 3408 2588 3467 in

403 3512 900 3591 praeceptoribus
946 3513 1282 3592 nominare,
1324 3511 1423 3573 Fr.
1480 3512 1582 3576 ΤΙι.
1642 3512 2011 3577 Welckerum
2051 3520 2114 3575 et
2160 3513 2259 3576 Fr.
2303 3513 2590 3578 Bitsche-

290 3627 325 3636 ’·
364 3649 368 3652 Δ
404 3615 564 3679 lium.
638 3619 764 3707 ⁴Ac
827 3618 1172 3686 Welckerus
1224 3621 1470 3701 quidem
1522 3639 1699 3700 quum
1742 3623 1806 3683 in
1848 3622 2173 3686 interiores
2228 3623 2592 3703 antiquitatis

403 3742 683 3788 recessus
725 3729 922 3797 subito
967 3746 1064 3790 me
1107 3736 1366 3810 raperet,
1409 3736 1470 3792 et
1512 3730 1923 3813 mythologiae
1962 3750 2060 3793 me
2103 3738 2166 3793 et
2210 3732 2358 3793 artis
2385 3738 2447 3793 et
2483 3731 2587 3794 lit-

404 3832 667 3898 terarum
708 3831 1022 3921 utriusque
1070 3834 1272 3917 popuii
1313 3837 1546 3900 deliciis
1575 3830 1978 3918 impertiretur
2000 3859 2019 3916 3
2063 3838 2429 3904 Bit-schelius
2459 3858 2592 3902 eam

278 3948 313 3997 ’.
407 3941 557 4003 mihi
596 3942 760 4004 viam·
789 3948 1163 4023 monstravit,
1209 3964 1322 4026 qua
1365 3953 1575 4026 posset
1620 3946 1697 4008 ad
1740 3965 1812 4009 ea
1857 3948 2058 4009 omnia
2104 3949 2427 4027 perveniri.
2496 3946 2620 4009 Ab·

410 4066 486 4112 eo
527 4052 692 4113 enim
739 4050 979 4132 dedici,
1020 4053 1185 4135 quid
1237 4056 1316 4119 sit
1352 4071 1454 4117 ars
1502 4055 1711 4117 critica
1762 4061 1824 4117 et
1868 4054 2172 4136 quomodo
2221 4072 2354 4117 cum
2397 4054 2594 4117 fructu

407 4159 501 4241 sit·
528 4160 892 4224 exercenda.
978 4161 1141 4225 Idem
1185 4180 1304 4226 una
1351 4180 1485 4226 cum
1544 4161 1852 4225 Welcltero
1902 4146 2344 4227 in‘Seminario
2388 4160 2593 4224 Philo-
