2942 4849
625 1408 1050 1521 'tunsus
1080 1401 2014 1477 comrnovnnsan.

1189 1686 1486 1702 m

319 1983 374 2041 1'.
417 1976 573 2041 Nihil
613 1975 995 2059 intelligimus
1016 2022 1037 2057 ‚
1077 1976 1194 2041 nisi
1236 1977 1398 2060 quod
1444 1976 1561 2058 ipsi
1604 1953 2142 2056 procreaverimus.

308 2087 365 2150 2.
415 2081 826 2166 Quodcunque
866 2083 1117 2148 facunus
1163 2082 1415 2148 aliorum
1457 2098 1643 2147 eausa
1665 2129 1685 2162 ,
1757 2084 1938 2148 etiam
1982 2070 2192 2147 nostra
2234 2098 2415 2145 eausa

414 2193 686 2257 facimus·

313 2301 374 2366 3.
417 2303 683 2365 Porsena
731 2316 857 2363 non
897 2307 1038 2364 ante
1081 2306 1373 2364 mortuum
1411 2299 1795 2380 Tarquinium
1833 2298 2163 2380 Superbum
2203 2296 2422 2363 bellum
2480 2361 2491 2373 ,

412 2409 604 2475 intulit
643 2407 950 2473 Romanis.

316 2518 376 2583 4.
419 2519 694 2583 Foedere
735 2535 847 2599 per
885 2517 985 2599 Sp.
1035 2515 1302 2579 Cassium
1344 2515 1466 2579 ieto
1512 2535 1566 2579 a.
1610 2533 1672 2583 u.
1722 2514 1950 2579 CCLXI
1993 2515 2247 2578 Romani
2295 2514 2419 2580 La-

415 2628 641 2707 tinique
679 2642 806 2688 non
871 2624 947 2687 ab
1001 2624 1232 2705 Aequis
1277 2623 1673 2707 Volscisque,
1716 2623 1827 2687 sed
1866 2624 1943 2685 ab
1987 2624 2255 2690 Etruscis
2298 2626 2420 2687 im-

410 2734 681 2814 pendens
720 2734 1046 2815 perieulum
1091 2732 1416 2798 studebant
1451 2750 1488 2796 a
1526 2750 1595 2795 se
1639 2732 1993 2796 defendere.

308 2845 368 2905 5.
414 2842 559 2919 Dei,
598 2841 700 2921 qui
741 2841 991 2904 Graecis
1020 2840 1287 2922 Ἑρμῆς,
1346 2842 1523 2924 origo
1570 2858 1649 2905 ex
1687 2839 1836 2905 solis
1878 2842 2129 2906 notione
2168 2849 2263 2907 est
2304 2842 2419 2905 de-

415 2947 713 3012 ducenda.

314 3058 374 3121 6.
420 3057 644 3120 Omnes
688 3056 1054 3140 philologiae
1092 3062 1293 3136 partes
1338 3054 1626 3137 dignitate
1665 3061 1738 3117 et·
1764 3054 2015 3119 utilitate
2050 3073 2251 3138 pares,

321 3165 377 3226 7.
420 3165 642 3228 Critioa
681 3181 780 3228 ars
828 3165 905 3228 ab
964 3163 1412 3228 hermeneutioa
1471 3163 1709 3246 seiungi
1766 3169 1829 3227 et
1866 3181 1978 3246 pro
2021 3182 2089 3228 se
2135 3163 2423 3229 collocari

421 3273 646 3355 nequit.

316 3381 377 3444 8.
420 3380 595 3443 Ratio
637 3379 770 3462 plus
811 3378 972 3441 valet
993 3389 1166 3460 quam
1201 3377 1481 3440 codicum
1503 3375 2038 3441 vetustissimorum
2078 3381 2423 3445 auctoritas,

316 3489 375 3551 9.
415 3487 850 3570 Aristophanes
889 3486 1156 3552 Nubibus
1193 3483 1380 3548 voluit
1425 3483 1702 3548 odiosum
1743 3486 1960 3568 populo
1999 3487 2258 3553 reddere
2306 3490 2428 3555 So-

425 3603 672 3660 cratem.

289 3702 384 3766 10.
434 3701 685 3766 Nimium
730 3704 838 3767 fuit
890 3701 1142 3766 Bentleii
1199 3700 1455 3764 studium
1479 3746 1498 3780 ‚
1560 3718 1679 3783 quo
1730 3701 1916 3765 verba
1983 3703 2142 3786 apud
2193 3704 2448 3784 'l'eren-⁸

290 3891 309 3908 „
430 3809 573 3872 tium
617 3810 882 3892 emphasi
926 3817 1132 3875 notata
1176 3807 1285 3872 suh
1322 3808 1444 3871 iotu
1489 3807 1679 3871 voluit
1722 3809 2028 3875 collocari.

291 3921 383 3986 11.
425 3918 690 3983 Terentii
733 3926 929 3983 aetate
973 3936 1085 3982 eae
1126 3915 1386 3995 fabulae,
1437 3932 1586 3996 quas
1618 3932 1810 3981 novas
1850 3919 2246 3985 vendiderant
2270 3941 2428 4004 poe-

428 4034 564 4108 tae,
608 4032 922 4109 postquam
967 4026 1155 4092 semel
1197 4031 1371 4089 aetae
1413 4031 1619 4118 erant,
1683 4025 1746 4090 in
1789 4026 2115 4093 dominium
2155 4030 2434 4094 redibant

430 4143 760 4215 poetarum.

299 4242 395 4307 12.
436 4243 673 4336 Heqyra
713 4241 1073 4308 Terentiana
1117 4240 1411 4307 translata.
1447 4248 1542 4306 est
1584 4240 2100 4330 ex2Apollodoro.
