<?xml version="1.0" encoding="UTF-8"?>
<!DOCTYPE html PUBLIC "-//W3C//DTD XHTML 1.0 Transitional//EN"
    "http://www.w3.org/TR/xhtml1/DTD/xhtml1-transitional.dtd">
<html xmlns="http://www.w3.org/1999/xhtml" xml:lang="en" lang="en">
 <head>
  <title>
</title>
<meta http-equiv="Content-Type" content="text/html;charset=utf-8" />
  <meta name='ocr-system' content='tesseract 3.04.00' />
  <meta name='ocr-capabilities' content='ocr_page ocr_carea ocr_par ocr_line ocrx_word'/>
</head>
<body>
  <div class='ocr_page' id='page_1' title='image "./quaestionestere01ihnegoog_0042.png"; bbox 0 0 2942 4849; ppageno 0'>
   <div class='ocr_carea' id='block_1_1' title="bbox 401 300 2712 2849">
    <p class='ocr_par' dir='ltr' id='par_1_1' title="bbox 1281 300 1777 370">
     <span class='ocr_line' id='line_1_1' title="bbox 1281 300 1777 370; baseline 0 -18"><span class='ocrx_word' id='word_1_1' title='bbox 1281 338 1374 352; x_wconf 87' lang='grc'><strong><em>-..</em></strong></span> <span class='ocrx_word' id='word_1_2' title='bbox 1481 300 1579 370; x_wconf 79' lang='lat'><strong><em>34</em></strong></span> <span class='ocrx_word' id='word_1_3' title='bbox 1677 338 1777 352; x_wconf 75' lang='grc'><em>...-</em></span> 
     </span>
    </p>

    <p class='ocr_par' dir='ltr' id='par_1_2' title="bbox 428 489 2652 1437">
     <span class='ocr_line' id='line_1_2' title="bbox 436 489 2622 573; baseline 0 -19"><span class='ocrx_word' id='word_1_4' title='bbox 436 490 823 568; x_wconf 65' lang='lat' dir='ltr'><strong><em>intrem-esis,</em></strong></span> <span class='ocrx_word' id='word_1_5' title='bbox 866 506 1023 570; x_wconf 78' lang='lat' dir='ltr'><strong><em>quae</em></strong></span> <span class='ocrx_word' id='word_1_6' title='bbox 1065 490 1235 570; x_wconf 81' lang='lat' dir='ltr'><strong><em>apud</em></strong></span> <span class='ocrx_word' id='word_1_7' title='bbox 1280 489 1619 555; x_wconf 82' lang='lat' dir='ltr'><strong><em>Terentium</em></strong></span> <span class='ocrx_word' id='word_1_8' title='bbox 1656 509 1726 553; x_wconf 77' lang='lat' dir='ltr'><strong><em>se</em></strong></span> <span class='ocrx_word' id='word_1_9' title='bbox 1772 510 1906 554; x_wconf 78' lang='lat' dir='ltr'><strong><em>cum</em></strong></span> <span class='ocrx_word' id='word_1_10' title='bbox 1947 491 2205 554; x_wconf 85' lang='lat' dir='ltr'><strong><em>Micione</em></strong></span> <span class='ocrx_word' id='word_1_11' title='bbox 2247 496 2446 573; x_wconf 73' lang='lat' dir='ltr'><strong><em>eyisse</em></strong></span> <span class='ocrx_word' id='word_1_12' title='bbox 2491 493 2622 571; x_wconf 75' lang='lat' dir='ltr'><strong><em>(m.</em></strong></span> 
     </span>
     <span class='ocr_line' id='line_1_3' title="bbox 435 598 2627 680; baseline 0 -18"><span class='ocrx_word' id='word_1_13' title='bbox 435 598 497 669; x_wconf 80' lang='lat'><strong><em>3.</em></strong></span> <span class='ocrx_word' id='word_1_14' title='bbox 547 600 655 677; x_wconf 84' lang='lat'><strong><em>10)</em></strong></span> <span class='ocrx_word' id='word_1_15' title='bbox 678 644 685 651; x_wconf 79' lang='lat'>-</span> <span class='ocrx_word' id='word_1_16' title='bbox 694 599 919 678; x_wconf 79' lang='lat' dir='ltr'><strong><em>paucis</em></strong></span> <span class='ocrx_word' id='word_1_17' title='bbox 958 605 1187 660; x_wconf 85' lang='lat' dir='ltr'><strong><em>tantum</em></strong></span> <span class='ocrx_word' id='word_1_18' title='bbox 1225 606 1450 660; x_wconf 68' lang='lat' dir='ltr'><strong><em>narrat</em></strong></span> <span class='ocrx_word' id='word_1_19' title='bbox 1468 643 1487 677; x_wconf 87' lang='lat'><strong>‚</strong></span> <span class='ocrx_word' id='word_1_20' title='bbox 1548 599 1674 661; x_wconf 80' lang='lat' dir='ltr'><strong><em>illic</em></strong></span> <span class='ocrx_word' id='word_1_21' title='bbox 1711 600 1996 679; x_wconf 75' lang='lat' dir='ltr'><strong><em>pluribus</em></strong></span> <span class='ocrx_word' id='word_1_22' title='bbox 2038 607 2179 663; x_wconf 83' lang='lat' dir='ltr'><strong><em>ante</em></strong></span> <span class='ocrx_word' id='word_1_23' title='bbox 2218 609 2627 680; x_wconf 81' lang='lat' dir='ltr'><strong><em>spectatorum</em></strong></span> 
     </span>
     <span class='ocr_line' id='line_1_4' title="bbox 432 706 2627 788; baseline 0 -19"><span class='ocrx_word' id='word_1_24' title='bbox 432 707 642 769; x_wconf 81' lang='lat' dir='ltr'><strong><em>oeulos</em></strong></span> <span class='ocrx_word' id='word_1_25' title='bbox 683 708 887 787; x_wconf 74' lang='lat' dir='ltr'><strong><em>eyerit,</em></strong></span> <span class='ocrx_word' id='word_1_26' title='bbox 930 707 1118 769; x_wconf 85' lang='lat' dir='ltr'><strong><em>donec</em></strong></span> <span class='ocrx_word' id='word_1_27' title='bbox 1159 706 1389 769; x_wconf 85' lang='lat' dir='ltr'><strong><em>Demea</em></strong></span> <span class='ocrx_word' id='word_1_28' title='bbox 1433 707 1789 768; x_wconf 73' lang='lat' dir='ltr'><strong><em>adveniente</em></strong></span> <span class='ocrx_word' id='word_1_29' title='bbox 1809 709 1962 769; x_wconf 84' lang='lat' dir='ltr'><strong><em>duos</em></strong></span> <span class='ocrx_word' id='word_1_30' title='bbox 1999 709 2233 788; x_wconf 82' lang='lat' dir='ltr'><strong><em>fratres</em></strong></span> <span class='ocrx_word' id='word_1_31' title='bbox 2273 710 2439 770; x_wconf 86' lang='lat' dir='ltr'><strong><em>solos</em></strong></span> <span class='ocrx_word' id='word_1_32' title='bbox 2484 709 2627 770; x_wconf 87' lang='lat' dir='ltr'><strong><em>iur-</em></strong></span> 
     </span>
     <span class='ocr_line' id='line_1_5' title="bbox 429 812 2652 896; baseline 0.001 -21"><span class='ocrx_word' id='word_1_33' title='bbox 429 815 546 894; x_wconf 81' lang='lat' dir='ltr'><strong><em>9iis</em></strong></span> <span class='ocrx_word' id='word_1_34' title='bbox 584 815 717 875; x_wconf 82' lang='lat' dir='ltr'><strong><em>suis</em></strong></span> <span class='ocrx_word' id='word_1_35' title='bbox 765 812 1146 893; x_wconf 81' lang='lat' dir='ltr'><strong><em>relinqueret.</em></strong></span> <span class='ocrx_word' id='word_1_36' title='bbox 1234 814 1318 875; x_wconf 89' lang='lat' dir='ltr'><strong><em>Et</em></strong></span> <span class='ocrx_word' id='word_1_37' title='bbox 1359 815 1682 877; x_wconf 76' lang='lat' dir='ltr'><strong><em>Micionem</em></strong></span> <span class='ocrx_word' id='word_1_38' title='bbox 1725 815 1996 894; x_wconf 83' lang='lat' dir='ltr'><strong><em>quidem,</em></strong></span> <span class='ocrx_word' id='word_1_39' title='bbox 2041 816 2185 878; x_wconf 85' lang='lat' dir='ltr'><strong><em>dicit</em></strong></span> <span class='ocrx_word' id='word_1_40' title='bbox 2228 818 2652 896; x_wconf 46' lang='lat' dir='ltr'><strong><em>Hermannuss</em></strong></span> 
     </span>
     <span class='ocr_line' id='line_1_6' title="bbox 428 914 2632 1004; baseline 0.002 -21"><span class='ocrx_word' id='word_1_41' title='bbox 428 929 615 984; x_wconf 77' lang='lat' dir='ltr'><strong><em>totam</em></strong></span> <span class='ocrx_word' id='word_1_42' title='bbox 656 923 825 985; x_wconf 81' lang='lat' dir='ltr'><strong><em>illam</em></strong></span> <span class='ocrx_word' id='word_1_43' title='bbox 866 923 979 1000; x_wconf 75' lang='lat' dir='ltr'><strong><em>ficii</em></strong></span> <span class='ocrx_word' id='word_1_44' title='bbox 1023 922 1329 998; x_wconf 81' lang='lat' dir='ltr'><strong><em>tractandi</em></strong></span> <span class='ocrx_word' id='word_1_45' title='bbox 1370 923 1670 985; x_wconf 83' lang='lat' dir='ltr'><strong><em>rationem</em></strong></span> <span class='ocrx_word' id='word_1_46' title='bbox 1705 930 1765 984; x_wconf 87' lang='lat' dir='ltr'><strong><em>et</em></strong></span> <span class='ocrx_word' id='word_1_47' title='bbox 1821 924 2154 985; x_wconf 79' lang='lat' dir='ltr'><strong><em>institutum</em></strong></span> <span class='ocrx_word' id='word_1_48' title='bbox 2178 914 2228 998; x_wconf 69' lang='grc'><strong><em>,’</em></strong></span> <span class='ocrx_word' id='word_1_49' title='bbox 2263 925 2426 1004; x_wconf 82' lang='lat' dir='ltr'><strong><em>quod</em></strong></span> <span class='ocrx_word' id='word_1_50' title='bbox 2463 925 2632 1003; x_wconf 81' lang='lat' dir='ltr'><strong><em>apud</em></strong></span> 
     </span>
     <span class='ocr_line' id='line_1_7' title="bbox 434 1028 2622 1119; baseline 0.001 -26"><span class='ocrx_word' id='word_1_51' title='bbox 434 1028 778 1094; x_wconf 73' lang='lat' dir='ltr'><strong><em>Terentium</em></strong></span> <span class='ocrx_word' id='word_1_52' title='bbox 838 1031 1007 1092; x_wconf 79' lang='lat' dir='ltr'><strong><em>solus</em></strong></span> <span class='ocrx_word' id='word_1_53' title='bbox 1069 1049 1274 1093; x_wconf 79' lang='lat' dir='ltr'><strong><em>secum</em></strong></span> <span class='ocrx_word' id='word_1_54' title='bbox 1322 1032 1624 1111; x_wconf 79' lang='lat' dir='ltr'><strong><em>eloquitur</em></strong></span> <span class='ocrx_word' id='word_1_55' title='bbox 1643 1079 1663 1106; x_wconf 93' lang='lat'>‚</span> <span class='ocrx_word' id='word_1_56' title='bbox 1731 1032 1911 1093; x_wconf 85' lang='lat' dir='ltr'><strong><em>etiam</em></strong></span> <span class='ocrx_word' id='word_1_57' title='bbox 1953 1030 2111 1111; x_wconf 73' lang='lat' dir='ltr'><strong><em>Syro,</em></strong></span> <span class='ocrx_word' id='word_1_58' title='bbox 2152 1051 2463 1119; x_wconf 72' lang='lat' dir='ltr'><strong><em>exponere</em></strong></span> <span class='ocrx_word' id='word_1_59' title='bbox 2495 1050 2622 1111; x_wconf 83' lang='lat' dir='ltr'><strong><em>po·-</em></strong></span> 
     </span>
     <span class='ocr_line' id='line_1_8' title="bbox 428 1139 2626 1221; baseline 0 -20"><span class='ocrx_word' id='word_1_60' title='bbox 428 1139 642 1217; x_wconf 70' lang='lat' dir='ltr'><strong><em>tuisse,</em></strong></span> <span class='ocrx_word' id='word_1_61' title='bbox 681 1157 807 1203; x_wconf 76' lang='lat' dir='ltr'><strong><em>non</em></strong></span> <span class='ocrx_word' id='word_1_62' title='bbox 846 1146 974 1218; x_wconf 84' lang='lat' dir='ltr'><strong><em>est,</em></strong></span> <span class='ocrx_word' id='word_1_63' title='bbox 1016 1140 1418 1219; x_wconf 53' lang='lat' dir='ltr'><strong><em>quammultis</em></strong></span> <span class='ocrx_word' id='word_1_64' title='bbox 1462 1141 1784 1202; x_wconf 80' lang='lat' dir='ltr'><strong><em>doceamus</em></strong></span> <span class='ocrx_word' id='word_1_65' title='bbox 1805 1187 1826 1213; x_wconf 84' lang='lat'><strong><em>,</em></strong></span> <span class='ocrx_word' id='word_1_66' title='bbox 1871 1158 2068 1219; x_wconf 84' lang='lat' dir='ltr'><strong><em>neque</em></strong></span> <span class='ocrx_word' id='word_1_67' title='bbox 2106 1141 2247 1220; x_wconf 82' lang='lat' dir='ltr'><strong><em>ipsa</em></strong></span> <span class='ocrx_word' id='word_1_68' title='bbox 2288 1143 2431 1220; x_wconf 87' lang='lat' dir='ltr'><strong><em>illa,</em></strong></span> <span class='ocrx_word' id='word_1_69' title='bbox 2470 1158 2626 1221; x_wconf 84' lang='lat' dir='ltr'><strong><em>quae</em></strong></span> 
     </span>
     <span class='ocr_line' id='line_1_9' title="bbox 428 1242 2626 1328; baseline 0.001 -20"><span class='ocrx_word' id='word_1_70' title='bbox 428 1248 497 1308; x_wconf 73' lang='lat' dir='ltr'><strong><em>in</em></strong></span> <span class='ocrx_word' id='word_1_71' title='bbox 530 1248 737 1326; x_wconf 81' lang='lat' dir='ltr'><strong><em>prima</em></strong></span> <span class='ocrx_word' id='word_1_72' title='bbox 770 1247 987 1328; x_wconf 79' lang='lat' dir='ltr'><strong><em>fabula</em></strong></span> <span class='ocrx_word' id='word_1_73' title='bbox 1025 1242 1251 1310; x_wconf 80' lang='lat' dir='ltr'><strong><em>secum</em></strong></span> <span class='ocrx_word' id='word_1_74' title='bbox 1274 1249 1415 1327; x_wconf 86' lang='lat' dir='ltr'><strong><em>ipse</em></strong></span> <span class='ocrx_word' id='word_1_75' title='bbox 1452 1255 1683 1310; x_wconf 83' lang='lat' dir='ltr'><strong><em>tantum</em></strong></span> <span class='ocrx_word' id='word_1_76' title='bbox 1721 1250 1887 1328; x_wconf 81' lang='lat' dir='ltr'><strong><em>loqui</em></strong></span> <span class='ocrx_word' id='word_1_77' title='bbox 1919 1255 2161 1328; x_wconf 84' lang='lat' dir='ltr'><strong><em>potest,</em></strong></span> <span class='ocrx_word' id='word_1_78' title='bbox 2205 1268 2247 1311; x_wconf 92' lang='lat' dir='ltr'><strong><em>a</em></strong></span> <span class='ocrx_word' id='word_1_79' title='bbox 2286 1249 2626 1312; x_wconf 78' lang='lat' dir='ltr'><strong><em>Menandro</em></strong></span> 
     </span>
     <span class='ocr_line' id='line_1_10' title="bbox 444 1355 2622 1437; baseline 0.001 -21"><span class='ocrx_word' id='word_1_80' title='bbox 444 1355 650 1418; x_wconf 84' lang='lat' dir='ltr'><strong><em>aliena</em></strong></span> <span class='ocrx_word' id='word_1_81' title='bbox 702 1356 1008 1430; x_wconf 81' lang='lat' dir='ltr'><strong><em>ducimus,</em></strong></span> <span class='ocrx_word' id='word_1_82' title='bbox 1071 1357 1247 1418; x_wconf 84' lang='lat' dir='ltr'><strong><em>modo</em></strong></span> <span class='ocrx_word' id='word_1_83' title='bbox 1298 1375 1375 1424; x_wconf 82' lang='lat' dir='ltr'><strong><em>ne</em></strong></span> <span class='ocrx_word' id='word_1_84' title='bbox 1426 1357 1630 1419; x_wconf 86' lang='lat' dir='ltr'><strong><em>statim</em></strong></span> <span class='ocrx_word' id='word_1_85' title='bbox 1687 1363 2069 1435; x_wconf 83' lang='lat' dir='ltr'><strong><em>conspectum</em></strong></span> <span class='ocrx_word' id='word_1_86' title='bbox 2131 1356 2210 1418; x_wconf 85' lang='lat' dir='ltr'><strong><em>ab</em></strong></span> <span class='ocrx_word' id='word_1_87' title='bbox 2269 1374 2341 1418; x_wconf 91' lang='lat' dir='ltr'><strong><em>eo</em></strong></span> <span class='ocrx_word' id='word_1_88' title='bbox 2400 1356 2622 1437; x_wconf 81' lang='lat' dir='ltr'><strong><em>Syrwn</em></strong></span> 
     </span>
    </p>

    <p class='ocr_par' dir='ltr' id='par_1_3' title="bbox 401 1446 2712 2849">
     <span class='ocr_line' id='line_1_11' title="bbox 401 1446 2712 1555; baseline 0.001 -31"><span class='ocrx_word' id='word_1_89' title='bbox 401 1469 796 1555; x_wconf 55' lang='lat' dir='ltr'><strong><em>statuamus.</em></strong></span> <span class='ocrx_word' id='word_1_90' title='bbox 881 1464 1053 1525; x_wconf 88' lang='lat' dir='ltr'><strong><em>Hanc</em></strong></span> <span class='ocrx_word' id='word_1_91' title='bbox 1096 1475 1370 1526; x_wconf 82' lang='lat' dir='ltr'><strong><em>errorum</em></strong></span> <span class='ocrx_word' id='word_1_92' title='bbox 1392 1509 1414 1539; x_wconf 93' lang='lat'><em>,</em></span> <span class='ocrx_word' id='word_1_93' title='bbox 1457 1471 1522 1527; x_wconf 84' lang='lat' dir='ltr'><strong><em>ut</em></strong></span> <span class='ocrx_word' id='word_1_94' title='bbox 1563 1467 1645 1527; x_wconf 84' lang='lat' dir='ltr'><strong><em>ita</em></strong></span> <span class='ocrx_word' id='word_1_95' title='bbox 1690 1448 1885 1528; x_wconf 88' lang='lat' dir='ltr'><strong><em>dicam</em></strong></span> <span class='ocrx_word' id='word_1_96' title='bbox 1927 1464 2106 1526; x_wconf 84' lang='lat' dir='ltr'><strong><em>telam</em></strong></span> <span class='ocrx_word' id='word_1_97' title='bbox 2142 1467 2294 1527; x_wconf 86' lang='lat' dir='ltr'><strong><em>satis</em></strong></span> <span class='ocrx_word' id='word_1_98' title='bbox 2340 1465 2621 1529; x_wconf 86' lang='lat' dir='ltr'><strong><em>subtilem</em></strong></span> <span class='ocrx_word' id='word_1_99' title='bbox 2703 1446 2712 1457; x_wconf 55' lang='lat'><strong><em>⁴</em></strong></span> 
     </span>
     <span class='ocr_line' id='line_1_12' title="bbox 432 1571 2627 1654; baseline 0.001 -22"><span class='ocrx_word' id='word_1_100' title='bbox 432 1587 558 1634; x_wconf 87' lang='lat' dir='ltr'><strong><em>non</em></strong></span> <span class='ocrx_word' id='word_1_101' title='bbox 602 1572 686 1633; x_wconf 88' lang='lat' dir='ltr'><strong><em>ita</em></strong></span> <span class='ocrx_word' id='word_1_102' title='bbox 727 1571 974 1634; x_wconf 85' lang='lat' dir='ltr'><strong><em>difficile</em></strong></span> <span class='ocrx_word' id='word_1_103' title='bbox 1023 1578 1117 1635; x_wconf 88' lang='lat' dir='ltr'><strong><em>est</em></strong></span> <span class='ocrx_word' id='word_1_104' title='bbox 1164 1571 1521 1636; x_wconf 83' lang='lat' dir='ltr'><strong><em>dissolvere.</em></strong></span> <span class='ocrx_word' id='word_1_105' title='bbox 1579 1574 1728 1636; x_wconf 89' lang='lat' dir='ltr'><strong><em>Nam</em></strong></span> <span class='ocrx_word' id='word_1_106' title='bbox 1771 1574 2044 1653; x_wconf 88' lang='lat' dir='ltr'><strong><em>primum,</em></strong></span> <span class='ocrx_word' id='word_1_107' title='bbox 2087 1573 2249 1654; x_wconf 83' lang='lat' dir='ltr'><strong><em>quod</em></strong></span> <span class='ocrx_word' id='word_1_108' title='bbox 2285 1572 2435 1636; x_wconf 83' lang='lat' dir='ltr'><strong><em>dixit</em></strong></span> <span class='ocrx_word' id='word_1_109' title='bbox 2464 1573 2627 1635; x_wconf 85' lang='lat' dir='ltr'><strong><em>Her-</em></strong></span> 
     </span>
     <span class='ocr_line' id='line_1_13' title="bbox 430 1679 2625 1762; baseline 0.001 -21"><span class='ocrx_word' id='word_1_110' title='bbox 430 1697 723 1757; x_wconf 80' lang='lat' dir='ltr'><strong><em>mannuS,</em></strong></span> <span class='ocrx_word' id='word_1_111' title='bbox 780 1688 1102 1762; x_wconf 83' lang='lat' dir='ltr'><strong><em>propterea</em></strong></span> <span class='ocrx_word' id='word_1_112' title='bbox 1161 1699 1288 1743; x_wconf 90' lang='lat' dir='ltr'><strong><em>non</em></strong></span> <span class='ocrx_word' id='word_1_113' title='bbox 1333 1682 1929 1745; x_wconf 87' lang='lat' dir='ltr'><strong><em>sufficere.Demeae</em></strong></span> <span class='ocrx_word' id='word_1_114' title='bbox 1972 1683 2385 1742; x_wconf 78' lang='lat' dir='ltr'><strong><em>narrationem</em></strong></span> <span class='ocrx_word' id='word_1_115' title='bbox 2430 1679 2503 1757; x_wconf 86' lang='grc' dir='ltr'><strong><em>(Ι.</em></strong></span> <span class='ocrx_word' id='word_1_116' title='bbox 2552 1684 2625 1753; x_wconf 74' lang='lat'><strong><em>2)</em></strong></span> 
     </span>
     <span class='ocr_line' id='line_1_14' title="bbox 430 1772 2620 1869; baseline -0 -19"><span class='ocrx_word' id='word_1_117' title='bbox 430 1789 716 1868; x_wconf 79' lang='lat' dir='ltr'><strong><em>qnoniam</em></strong></span> <span class='ocrx_word' id='word_1_118' title='bbox 760 1788 918 1869; x_wconf 86' lang='lat' dir='ltr'><strong><em>apud</em></strong></span> <span class='ocrx_word' id='word_1_119' title='bbox 959 1773 1350 1852; x_wconf 81' lang='lat' dir='ltr'><strong><em>Menandrum</em></strong></span> <span class='ocrx_word' id='word_1_120' title='bbox 1396 1807 1520 1852; x_wconf 90' lang='lat' dir='ltr'><strong><em>non</em></strong></span> <span class='ocrx_word' id='word_1_121' title='bbox 1565 1789 1772 1853; x_wconf 87' lang='lat' dir='ltr'><strong><em>similis</em></strong></span> <span class='ocrx_word' id='word_1_122' title='bbox 1817 1795 1987 1851; x_wconf 89' lang='lat' dir='ltr'><strong><em>actus</em></strong></span> <span class='ocrx_word' id='word_1_123' title='bbox 2030 1772 2336 1850; x_wconf 84' lang='lat' dir='ltr'><strong><em>secundus</em></strong></span> <span class='ocrx_word' id='word_1_124' title='bbox 2375 1795 2620 1849; x_wconf 82' lang='lat' dir='ltr'><strong><em>secutus</em></strong></span> 
     </span>
     <span class='ocr_line' id='line_1_15' title="bbox 437 1896 2631 1977; baseline -0.002 -18"><span class='ocrx_word' id='word_1_125' title='bbox 437 1897 534 1974; x_wconf 86' lang='lat' dir='ltr'><strong><em>sit,</em></strong></span> <span class='ocrx_word' id='word_1_126' title='bbox 580 1896 642 1958; x_wconf 89' lang='lat' dir='ltr'><strong><em>id</em></strong></span> <span class='ocrx_word' id='word_1_127' title='bbox 671 1913 748 1958; x_wconf 86' lang='lat' dir='ltr'><strong><em>eo</em></strong></span> <span class='ocrx_word' id='word_1_128' title='bbox 777 1899 1019 1977; x_wconf 84' lang='lat' dir='ltr'><strong><em>corruit,</em></strong></span> <span class='ocrx_word' id='word_1_129' title='bbox 1066 1897 1229 1977; x_wconf 88' lang='lat' dir='ltr'><strong><em>quod</em></strong></span> <span class='ocrx_word' id='word_1_130' title='bbox 1247 1915 1428 1977; x_wconf 90' lang='lat' dir='ltr'><strong><em>supra</em></strong></span> <span class='ocrx_word' id='word_1_131' title='bbox 1453 1897 1884 1977; x_wconf 84' lang='lat' dir='ltr'><strong><em>demonstravi,</em></strong></span> <span class='ocrx_word' id='word_1_132' title='bbox 1930 1899 2173 1959; x_wconf 88' lang='lat' dir='ltr'><strong><em>nonnisi</em></strong></span> <span class='ocrx_word' id='word_1_133' title='bbox 2200 1898 2460 1976; x_wconf 88' lang='lat' dir='ltr'><strong><em>priorem</em></strong></span> <span class='ocrx_word' id='word_1_134' title='bbox 2483 1912 2631 1974; x_wconf 90' lang='lat' dir='ltr'><strong><em>par-</em></strong></span> 
     </span>
     <span class='ocr_line' id='line_1_16' title="bbox 431 2004 2628 2085; baseline 0 -20"><span class='ocrx_word' id='word_1_135' title='bbox 431 2011 554 2065; x_wconf 86' lang='lat' dir='ltr'><strong><em>tem</em></strong></span> <span class='ocrx_word' id='word_1_136' title='bbox 595 2006 824 2085; x_wconf 84' lang='lat' dir='ltr'><strong><em>primae</em></strong></span> <span class='ocrx_word' id='word_1_137' title='bbox 860 2020 1086 2067; x_wconf 83' lang='lat' dir='ltr'><strong><em>scenae</em></strong></span> <span class='ocrx_word' id='word_1_138' title='bbox 1130 2012 1302 2067; x_wconf 89' lang='lat' dir='ltr'><strong><em>actus</em></strong></span> <span class='ocrx_word' id='word_1_139' title='bbox 1341 2005 1598 2067; x_wconf 88' lang='lat' dir='ltr'><strong><em>secundi</em></strong></span> <span class='ocrx_word' id='word_1_140' title='bbox 1643 2023 1769 2067; x_wconf 89' lang='lat' dir='ltr'><strong><em>non</em></strong></span> <span class='ocrx_word' id='word_1_141' title='bbox 1817 2023 1959 2067; x_wconf 89' lang='lat' dir='ltr'><strong><em>esse</em></strong></span> <span class='ocrx_word' id='word_1_142' title='bbox 2005 2022 2040 2077; x_wconf 88' lang='lat' dir='ltr'><strong><em>e</em></strong></span> <span class='ocrx_word' id='word_1_143' title='bbox 2082 2004 2415 2066; x_wconf 80' lang='lat' dir='ltr'><strong><em>Menandro</em></strong></span> <span class='ocrx_word' id='word_1_144' title='bbox 2455 2021 2628 2066; x_wconf 89' lang='lat' dir='ltr'><strong><em>sum-</em></strong></span> 
     </span>
     <span class='ocr_line' id='line_1_17' title="bbox 432 2110 2625 2193; baseline -0.001 -19"><span class='ocrx_word' id='word_1_145' title='bbox 432 2118 614 2193; x_wconf 81' lang='lat' dir='ltr'><strong><em>ptam.</em></strong></span> <span class='ocrx_word' id='word_1_146' title='bbox 690 2112 835 2174; x_wconf 88' lang='lat' dir='ltr'><strong><em>Tum</em></strong></span> <span class='ocrx_word' id='word_1_147' title='bbox 878 2127 988 2174; x_wconf 86' lang='lat' dir='ltr'><strong><em>our</em></strong></span> <span class='ocrx_word' id='word_1_148' title='bbox 1030 2118 1372 2193; x_wconf 88' lang='lat' dir='ltr'><strong><em>corruptum</em></strong></span> <span class='ocrx_word' id='word_1_149' title='bbox 1414 2112 1576 2177; x_wconf 88' lang='lat' dir='ltr'><strong><em>illum</em></strong></span> <span class='ocrx_word' id='word_1_150' title='bbox 1617 2112 1931 2175; x_wconf 80' lang='lat' dir='ltr'><strong><em>Menandri</em></strong></span> <span class='ocrx_word' id='word_1_151' title='bbox 1972 2111 2338 2176; x_wconf 69' lang='lat' dir='ltr'><strong><em>versumad</em></strong></span> <span class='ocrx_word' id='word_1_152' title='bbox 2358 2111 2435 2173; x_wconf 88' lang='lat'><strong><em>11.</em></strong></span> <span class='ocrx_word' id='word_1_153' title='bbox 2472 2110 2625 2191; x_wconf 80' lang='lat'>1,45</span> 
     </span>
     <span class='ocr_line' id='line_1_18' title="bbox 428 2219 2675 2300; baseline -0.001 -18"><span class='ocrx_word' id='word_1_154' title='bbox 428 2237 468 2282; x_wconf 85' lang='lat' dir='ltr'><strong><em>a</em></strong></span> <span class='ocrx_word' id='word_1_155' title='bbox 510 2222 749 2283; x_wconf 88' lang='lat' dir='ltr'><strong><em>Donato</em></strong></span> <span class='ocrx_word' id='word_1_156' title='bbox 794 2221 1057 2300; x_wconf 82' lang='lat' dir='ltr'><strong><em>citatum,</em></strong></span> <span class='ocrx_word' id='word_1_157' title='bbox 1105 2236 1228 2300; x_wconf 87' lang='lat' dir='ltr'><strong><em>quo</em></strong></span> <span class='ocrx_word' id='word_1_158' title='bbox 1270 2219 1591 2300; x_wconf 88' lang='lat' dir='ltr'><strong><em>vapulasse</em></strong></span> <span class='ocrx_word' id='word_1_159' title='bbox 1631 2220 1771 2282; x_wconf 88' lang='lat' dir='ltr'><strong><em>leno</em></strong></span> <span class='ocrx_word' id='word_1_160' title='bbox 1816 2226 2133 2299; x_wconf 71' lang='lat' dir='ltr'><strong><em>narratur,</em></strong></span> <span class='ocrx_word' id='word_1_161' title='bbox 2180 2221 2234 2283; x_wconf 89' lang='lat' dir='ltr'><strong><em>si</em></strong></span> <span class='ocrx_word' id='word_1_162' title='bbox 2276 2220 2509 2297; x_wconf 72' lang='lat' dir='ltr'><strong><em>noluit,</em></strong></span> <span class='ocrx_word' id='word_1_163' title='bbox 2555 2225 2621 2293; x_wconf 78' lang='lat' dir='ltr'><strong><em>ut</em></strong></span> <span class='ocrx_word' id='word_1_164' title='bbox 2671 2245 2675 2248; x_wconf 46' lang='lat'><strong>⁴</strong></span> 
     </span>
     <span class='ocr_line' id='line_1_19' title="bbox 426 2325 2616 2412; baseline -0 -21"><span class='ocrx_word' id='word_1_165' title='bbox 426 2346 541 2410; x_wconf 88' lang='lat' dir='ltr'><strong><em>par</em></strong></span> <span class='ocrx_word' id='word_1_166' title='bbox 576 2334 743 2406; x_wconf 86' lang='lat' dir='ltr'><strong><em>erat,</em></strong></span> <span class='ocrx_word' id='word_1_167' title='bbox 787 2329 864 2391; x_wconf 90' lang='lat' dir='ltr'><strong><em>ad</em></strong></span> <span class='ocrx_word' id='word_1_168' title='bbox 907 2329 1037 2410; x_wconf 83' lang='lat' dir='ltr'><strong><em>ipsa</em></strong></span> <span class='ocrx_word' id='word_1_169' title='bbox 1080 2328 1318 2392; x_wconf 90' lang='lat' dir='ltr'><strong><em>lenonis</em></strong></span> <span class='ocrx_word' id='word_1_170' title='bbox 1359 2328 1549 2392; x_wconf 83' lang='lat' dir='ltr'><strong><em>verba</em></strong></span> <span class='ocrx_word' id='word_1_171' title='bbox 1593 2327 1827 2390; x_wconf 86' lang='lat' dir='ltr'><strong><em>referre</em></strong></span> <span class='ocrx_word' id='word_1_172' title='bbox 1852 2372 1878 2407; x_wconf 86' lang='lat'><strong><em>,-</em></strong></span> <span class='ocrx_word' id='word_1_173' title='bbox 1916 2328 1993 2392; x_wconf 90' lang='lat' dir='ltr'><strong><em>ad</em></strong></span> <span class='ocrx_word' id='word_1_174' title='bbox 2033 2329 2354 2412; x_wconf 84' lang='lat' dir='ltr'><strong><em>prologum</em></strong></span> <span class='ocrx_word' id='word_1_175' title='bbox 2394 2325 2616 2410; x_wconf 65' lang='lat' dir='ltr'><strong><em>potum,</em></strong></span> 
     </span>
     <span class='ocr_line' id='line_1_20' title="bbox 430 2418 2620 2520; baseline -0.002 -17"><span class='ocrx_word' id='word_1_176' title='bbox 430 2454 608 2519; x_wconf 81' lang='lat' dir='ltr'><strong><em>quam</em></strong></span> <span class='ocrx_word' id='word_1_177' title='bbox 636 2440 715 2502; x_wconf 86' lang='lat' dir='ltr'><strong><em>ad</em></strong></span> <span class='ocrx_word' id='word_1_178' title='bbox 743 2440 1011 2501; x_wconf 85' lang='lat' dir='ltr'><strong><em>Demeae</em></strong></span> <span class='ocrx_word' id='word_1_179' title='bbox 1039 2440 1449 2502; x_wconf 83' lang='lat' dir='ltr'><strong><em>narrationem</em></strong></span> <span class='ocrx_word' id='word_1_180' title='bbox 1474 2438 1766 2518; x_wconf 84' lang='lat' dir='ltr'><strong><em>retulerit,</em></strong></span> <span class='ocrx_word' id='word_1_181' title='bbox 1789 2457 1967 2517; x_wconf 82' lang='lat' dir='ltr'><strong><em>nemo</em></strong></span> <span class='ocrx_word' id='word_1_182' title='bbox 1992 2441 2333 2520; x_wconf 83' lang='lat' dir='ltr'><strong><em>perspiciet.</em></strong></span> <span class='ocrx_word' id='word_1_183' title='bbox 2385 2418 2620 2510; x_wconf 82' lang='lat' dir='ltr'><strong><em>Deinde</em></strong></span> 
     </span>
     <span class='ocr_line' id='line_1_21' title="bbox 432 2535 2617 2628; baseline -0.002 -18"><span class='ocrx_word' id='word_1_184' title='bbox 432 2554 655 2626; x_wconf 87' lang='lat' dir='ltr'><strong><em>autem,</em></strong></span> <span class='ocrx_word' id='word_1_185' title='bbox 700 2548 831 2628; x_wconf 83' lang='lat' dir='ltr'><strong><em>quis</em></strong></span> <span class='ocrx_word' id='word_1_186' title='bbox 876 2546 1107 2627; x_wconf 83' lang='lat' dir='ltr'><strong><em>credat,</em></strong></span> <span class='ocrx_word' id='word_1_187' title='bbox 1143 2547 1465 2610; x_wconf 83' lang='lat' dir='ltr'><strong><em>Micionem</em></strong></span> <span class='ocrx_word' id='word_1_188' title='bbox 1500 2565 1631 2610; x_wconf 88' lang='lat' dir='ltr'><strong><em>cum</em></strong></span> <span class='ocrx_word' id='word_1_189' title='bbox 1671 2564 1855 2609; x_wconf 82' lang='lat' dir='ltr'><strong><em>servo</em></strong></span> <span class='ocrx_word' id='word_1_190' title='bbox 1885 2549 2185 2611; x_wconf 83' lang='lat' dir='ltr'><strong><em>educandi</em></strong></span> <span class='ocrx_word' id='word_1_191' title='bbox 2217 2548 2319 2610; x_wconf 86' lang='lat' dir='ltr'><strong><em>filii</em></strong></span> <span class='ocrx_word' id='word_1_192' title='bbox 2350 2535 2617 2620; x_wconf 79' lang='lat' dir='ltr'><strong><em>rationes</em></strong></span> 
     </span>
     <span class='ocr_line' id='line_1_22' title="bbox 439 2653 2618 2736; baseline -0 -19"><span class='ocrx_word' id='word_1_193' title='bbox 439 2657 945 2734; x_wconf 85' lang='lat' dir='ltr'><strong><em>communicasse,</em></strong></span> <span class='ocrx_word' id='word_1_194' title='bbox 994 2666 1166 2735; x_wconf 83' lang='lat' dir='ltr'><strong><em>(nam</em></strong></span> <span class='ocrx_word' id='word_1_195' title='bbox 1206 2655 1371 2736; x_wconf 81' lang='lat' dir='ltr'><strong><em>qu&#39;od</em></strong></span> <span class='ocrx_word' id='word_1_196' title='bbox 1398 2657 1477 2718; x_wconf 78' lang='lat' dir='ltr'><strong><em>in</em></strong></span> <span class='ocrx_word' id='word_1_197' title='bbox 1509 2656 1747 2722; x_wconf 86' lang='lat' dir='ltr'><strong><em>-Andria</em></strong></span> <span class='ocrx_word' id='word_1_198' title='bbox 1788 2659 1964 2723; x_wconf 80' lang='lat' dir='ltr'><strong><em>Simo</em></strong></span> <span class='ocrx_word' id='word_1_199' title='bbox 1994 2675 2183 2719; x_wconf 84' lang='lat' dir='ltr'><strong><em>senex</em></strong></span> <span class='ocrx_word' id='word_1_200' title='bbox 2228 2675 2361 2718; x_wconf 85' lang='lat' dir='ltr'><strong><em>cum</em></strong></span> <span class='ocrx_word' id='word_1_201' title='bbox 2406 2653 2618 2716; x_wconf 80' lang='lat' dir='ltr'><strong><em>liberto</em></strong></span> 
     </span>
     <span class='ocr_line' id='line_1_23' title="bbox 429 2762 2616 2849; baseline -0.001 -23"><span class='ocrx_word' id='word_1_202' title='bbox 429 2772 551 2826; x_wconf 86' lang='lat' dir='ltr'><strong><em>tam</em></strong></span> <span class='ocrx_word' id='word_1_203' title='bbox 597 2763 969 2826; x_wconf 83' lang='lat' dir='ltr'><strong><em>familiariter</em></strong></span> <span class='ocrx_word' id='word_1_204' title='bbox 1010 2764 1289 2845; x_wconf 88' lang='lat' dir='ltr'><strong><em>loquitur,</em></strong></span> <span class='ocrx_word' id='word_1_205' title='bbox 1331 2764 1448 2828; x_wconf 85' lang='lat' dir='ltr'><strong><em>alia</em></strong></span> <span class='ocrx_word' id='word_1_206' title='bbox 1494 2780 1598 2826; x_wconf 86' lang='lat' dir='ltr'><strong><em>res</em></strong></span> <span class='ocrx_word' id='word_1_207' title='bbox 1637 2772 1803 2849; x_wconf 82' lang='lat' dir='ltr'><strong><em>est);</em></strong></span> <span class='ocrx_word' id='word_1_208' title='bbox 1852 2772 1952 2828; x_wconf 86' lang='lat' dir='ltr'><strong><em>aut</em></strong></span> <span class='ocrx_word' id='word_1_209' title='bbox 1993 2767 2125 2846; x_wconf 91' lang='lat' dir='ltr'><strong><em>quis</em></strong></span> <span class='ocrx_word' id='word_1_210' title='bbox 2159 2772 2358 2844; x_wconf 86' lang='lat' dir='ltr'><strong><em>potest</em></strong></span> <span class='ocrx_word' id='word_1_211' title='bbox 2397 2765 2459 2824; x_wconf 90' lang='lat' dir='ltr'><strong><em>in</em></strong></span> <span class='ocrx_word' id='word_1_212' title='bbox 2494 2762 2616 2848; x_wconf 83' lang='lat' dir='ltr'><strong><em>Mi-</em></strong></span> 
     </span>
    </p>
   </div>
   <div class='ocr_carea' id='block_1_2' title="bbox 2934 47 2941 811">
    <p class='ocr_par' dir='ltr' id='par_1_4' title="bbox 2934 47 2941 811">
     <span class='ocr_line' id='line_1_24' title="bbox 2934 47 2941 811; baseline 0 0"><span class='ocrx_word' id='word_1_213' title='bbox 2934 47 2941 811; x_wconf 95' lang='lat' dir='ltr'><strong><em> </em></strong></span> 
     </span>
    </p>
   </div>
   <div class='ocr_carea' id='block_1_3' title="bbox 432 2863 2730 2953">
    <p class='ocr_par' dir='ltr' id='par_1_5' title="bbox 432 2863 2730 2953">
     <span class='ocr_line' id='line_1_25' title="bbox 432 2863 2730 2953; baseline 0.003 -19"><span class='ocrx_word' id='word_1_214' title='bbox 432 2873 629 2935; x_wconf 89' lang='lat' dir='ltr'><strong><em>cionis</em></strong></span> <span class='ocrx_word' id='word_1_215' title='bbox 675 2869 971 2933; x_wconf 81' lang='lat' dir='ltr'><strong><em>oratione</em></strong></span> <span class='ocrx_word' id='word_1_216' title='bbox 998 2873 1073 2949; x_wconf 84' lang='grc' dir='ltr'><strong><em>(Ι.</em></strong></span> <span class='ocrx_word' id='word_1_217' title='bbox 1130 2870 1195 2951; x_wconf 72' lang='grc'><strong><em>’1)</em></strong></span> <span class='ocrx_word' id='word_1_218' title='bbox 1251 2875 1430 2938; x_wconf 89' lang='lat' dir='ltr'><strong><em>talem</em></strong></span> <span class='ocrx_word' id='word_1_219' title='bbox 1488 2874 1688 2939; x_wconf 86' lang='lat' dir='ltr'><strong><em>locum</em></strong></span> <span class='ocrx_word' id='word_1_220' title='bbox 1741 2863 2054 2953; x_wconf 85' lang='lat' dir='ltr'><strong><em>invenire,</em></strong></span> <span class='ocrx_word' id='word_1_221' title='bbox 2106 2874 2227 2937; x_wconf 62' lang='lat' dir='ltr'><strong><em>‘ubi</em></strong></span> <span class='ocrx_word' id='word_1_222' title='bbox 2285 2877 2617 2952; x_wconf 84' lang='lat' dir='ltr'><strong><em>conspecto</em></strong></span> <span class='ocrx_word' id='word_1_223' title='bbox 2720 2931 2730 2940; x_wconf 89' lang='lat'><strong><em>.</em></strong></span> 
     </span>
    </p>
   </div>
   <div class='ocr_carea' id='block_1_4' title="bbox 418 2981 2621 3825">
    <p class='ocr_par' dir='ltr' id='par_1_6' title="bbox 418 2981 2621 3825">
     <span class='ocr_line' id='line_1_26' title="bbox 430 2981 2616 3064; baseline -0.002 -20"><span class='ocrx_word' id='word_1_224' title='bbox 430 2983 586 3062; x_wconf 79' lang='lat' dir='ltr'><strong><em>Syro</em></strong></span> <span class='ocrx_word' id='word_1_225' title='bbox 614 2981 947 3044; x_wconf 89' lang='lat' dir='ltr'><strong><em>diverbium</em></strong></span> <span class='ocrx_word' id='word_1_226' title='bbox 976 2983 1036 3044; x_wconf 89' lang='lat' dir='ltr'><strong><em>in</em></strong></span> <span class='ocrx_word' id='word_1_227' title='bbox 1064 2999 1291 3064; x_wconf 84' lang='lat' dir='ltr'><strong><em>graeca</em></strong></span> <span class='ocrx_word' id='word_1_228' title='bbox 1324 2983 1525 3046; x_wconf 89' lang='lat' dir='ltr'><strong><em>fabula</em></strong></span> <span class='ocrx_word' id='word_1_229' title='bbox 1569 2985 1873 3063; x_wconf 84' lang='lat' dir='ltr'><strong><em>incepisse</em></strong></span> <span class='ocrx_word' id='word_1_230' title='bbox 1901 2984 2197 3059; x_wconf 85' lang='lat' dir='ltr'><strong><em>videatur,</em></strong></span> <span class='ocrx_word' id='word_1_231' title='bbox 2241 2999 2420 3060; x_wconf 88' lang='lat' dir='ltr'><strong><em>quum</em></strong></span> <span class='ocrx_word' id='word_1_232' title='bbox 2459 2997 2616 3061; x_wconf 87' lang='lat' dir='ltr'><strong><em>quae</em></strong></span> 
     </span>
     <span class='ocr_line' id='line_1_27' title="bbox 430 3087 2619 3169; baseline -0.002 -15"><span class='ocrx_word' id='word_1_233' title='bbox 430 3092 611 3155; x_wconf 87' lang='lat' dir='ltr'><strong><em>Micio</em></strong></span> <span class='ocrx_word' id='word_1_234' title='bbox 670 3090 848 3169; x_wconf 88' lang='lat' dir='ltr'><strong><em>dicit,</em></strong></span> <span class='ocrx_word' id='word_1_235' title='bbox 889 3091 1089 3153; x_wconf 89' lang='lat' dir='ltr'><strong><em>omnia</em></strong></span> <span class='ocrx_word' id='word_1_236' title='bbox 1135 3092 1216 3154; x_wconf 87' lang='lat' dir='ltr'><strong><em>ita</em></strong></span> <span class='ocrx_word' id='word_1_237' title='bbox 1263 3094 1586 3160; x_wconf 82' lang='lat' dir='ltr'><strong><em>coniuncta</em></strong></span> <span class='ocrx_word' id='word_1_238' title='bbox 1634 3091 1753 3151; x_wconf 90' lang='lat' dir='ltr'><strong><em>sint</em></strong></span> <span class='ocrx_word' id='word_1_239' title='bbox 1780 3094 1905 3167; x_wconf 3' lang='lat' dir='ltr'><strong><em>‚pet</em></strong></span> <span class='ocrx_word' id='word_1_240' title='bbox 1945 3095 2065 3150; x_wconf 88' lang='lat' dir='ltr'><strong><em>tam</em></strong></span> <span class='ocrx_word' id='word_1_241' title='bbox 2109 3087 2345 3168; x_wconf 90' lang='lat' dir='ltr'><strong><em>placide</em></strong></span> <span class='ocrx_word' id='word_1_242' title='bbox 2392 3088 2619 3150; x_wconf 90' lang='lat' dir='ltr'><strong><em>decur-</em></strong></span> 
     </span>
     <span class='ocr_line' id='line_1_28' title="bbox 427 3196 2617 3279; baseline -0.002 -18"><span class='ocrx_word' id='word_1_243' title='bbox 427 3204 584 3273; x_wconf 87' lang='lat' dir='ltr'><strong><em>rant,</em></strong></span> <span class='ocrx_word' id='word_1_244' title='bbox 624 3206 691 3261; x_wconf 88' lang='lat' dir='ltr'><strong><em>ut</em></strong></span> <span class='ocrx_word' id='word_1_245' title='bbox 735 3197 1168 3279; x_wconf 85' lang='lat' dir='ltr'><strong><em>interpellatum</em></strong></span> <span class='ocrx_word' id='word_1_246' title='bbox 1212 3208 1348 3260; x_wconf 85' lang='lat' dir='ltr'><strong><em>eum</em></strong></span> <span class='ocrx_word' id='word_1_247' title='bbox 1401 3214 1542 3259; x_wconf 87' lang='lat' dir='ltr'><strong><em>esse</em></strong></span> <span class='ocrx_word' id='word_1_248' title='bbox 1583 3197 1825 3258; x_wconf 83' lang='lat' dir='ltr'><strong><em>minime</em></strong></span> <span class='ocrx_word' id='word_1_249' title='bbox 1872 3197 1949 3259; x_wconf 87' lang='lat' dir='ltr'><strong><em>sit</em></strong></span> <span class='ocrx_word' id='word_1_250' title='bbox 1993 3196 2413 3264; x_wconf 72' lang='lat' dir='ltr'><strong><em>credendum?</em></strong></span> <span class='ocrx_word' id='word_1_251' title='bbox 2517 3197 2617 3259; x_wconf 89' lang='lat' dir='ltr'><strong><em>Si-</em></strong></span> 
     </span>
     <span class='ocr_line' id='line_1_29' title="bbox 422 3291 2614 3388; baseline -0.003 -18"><span class='ocrx_word' id='word_1_252' title='bbox 422 3291 648 3370; x_wconf 76' lang='lat' dir='ltr'><strong><em>militer</em></strong></span> <span class='ocrx_word' id='word_1_253' title='bbox 709 3315 1054 3388; x_wconf 87' lang='lat' dir='ltr'><strong><em>comparata</em></strong></span> <span class='ocrx_word' id='word_1_254' title='bbox 1101 3313 1237 3373; x_wconf 85' lang='lat' dir='ltr'><strong><em>sunt</em></strong></span> <span class='ocrx_word' id='word_1_255' title='bbox 1281 3321 1399 3384; x_wconf 83' lang='lat' dir='ltr'><strong><em>ea,</em></strong></span> <span class='ocrx_word' id='word_1_256' title='bbox 1458 3322 1612 3385; x_wconf 86' lang='lat' dir='ltr'><strong><em>quae</em></strong></span> <span class='ocrx_word' id='word_1_257' title='bbox 1654 3306 2031 3367; x_wconf 87' lang='lat' dir='ltr'><strong><em>Hermannus</em></strong></span> <span class='ocrx_word' id='word_1_258' title='bbox 2081 3306 2160 3367; x_wconf 86' lang='lat' dir='ltr'><strong><em>ad</em></strong></span> <span class='ocrx_word' id='word_1_259' title='bbox 2185 3306 2614 3368; x_wconf 80' lang='lat' dir='ltr'><strong><em>&#39;exornandum</em></strong></span> 
     </span>
     <span class='ocr_line' id='line_1_30' title="bbox 426 3413 2616 3489; baseline -0.004 -11"><span class='ocrx_word' id='word_1_260' title='bbox 426 3424 490 3478; x_wconf 89' lang='lat' dir='ltr'><strong><em>et</em></strong></span> <span class='ocrx_word' id='word_1_261' title='bbox 529 3416 952 3479; x_wconf 86' lang='lat' dir='ltr'><strong><em>stabiliendum</em></strong></span> <span class='ocrx_word' id='word_1_262' title='bbox 994 3421 1394 3477; x_wconf 82' lang='lat' dir='ltr'><strong><em>commentum</em></strong></span> <span class='ocrx_word' id='word_1_263' title='bbox 1437 3433 1608 3476; x_wconf 90' lang='lat' dir='ltr'><strong><em>suum</em></strong></span> <span class='ocrx_word' id='word_1_264' title='bbox 1657 3415 1910 3476; x_wconf 88' lang='lat' dir='ltr'><strong><em>addidit.</em></strong></span> <span class='ocrx_word' id='word_1_265' title='bbox 1999 3415 2243 3477; x_wconf 84' lang='lat' dir='ltr'><strong><em>Scilicet</em></strong></span> <span class='ocrx_word' id='word_1_266' title='bbox 2265 3416 2482 3489; x_wconf 48' lang='lat' dir='ltr'><strong><em>iure„</em></strong></span> <span class='ocrx_word' id='word_1_267' title='bbox 2514 3413 2616 3471; x_wconf 90' lang='lat' dir='ltr'><strong><em>in-</em></strong></span> 
     </span>
     <span class='ocr_line' id='line_1_31' title="bbox 427 3523 2614 3612; baseline -0.003 -24"><span class='ocrx_word' id='word_1_268' title='bbox 427 3528 586 3606; x_wconf 86' lang='lat' dir='ltr'><strong><em>quit,</em></strong></span> <span class='ocrx_word' id='word_1_269' title='bbox 650 3526 946 3586; x_wconf 81' lang='lat' dir='ltr'><strong><em>miramur</em></strong></span> <span class='ocrx_word' id='word_1_270' title='bbox 964 3571 982 3602; x_wconf 89' lang='lat'>‚</span> <span class='ocrx_word' id='word_1_271' title='bbox 1035 3523 1331 3603; x_wconf 82' lang='lat' dir='ltr'><strong><em>quomodo</em></strong></span> <span class='ocrx_word' id='word_1_272' title='bbox 1377 3523 1607 3585; x_wconf 88' lang='lat' dir='ltr'><strong><em>Demea</em></strong></span> <span class='ocrx_word' id='word_1_273' title='bbox 1648 3524 1815 3602; x_wconf 81' lang='lat' dir='ltr'><strong><em>apud</em></strong></span> <span class='ocrx_word' id='word_1_274' title='bbox 1854 3523 2192 3612; x_wconf 84' lang='lat' dir='ltr'><strong><em>Terentium</em></strong></span> <span class='ocrx_word' id='word_1_275' title='bbox 2230 3524 2458 3603; x_wconf 82' lang='lat' dir='ltr'><strong><em>famam</em></strong></span> <span class='ocrx_word' id='word_1_276' title='bbox 2497 3535 2614 3582; x_wconf 81' lang='lat' dir='ltr'><strong><em>ra-</em></strong></span> 
     </span>
     <span class='ocr_line' id='line_1_32' title="bbox 418 3632 2618 3714; baseline -0.002 -21"><span class='ocrx_word' id='word_1_277' title='bbox 418 3634 649 3714; x_wconf 80' lang='lat' dir='ltr'><strong><em>ptionis</em></strong></span> <span class='ocrx_word' id='word_1_278' title='bbox 692 3652 774 3693; x_wconf 71' lang='lat' dir='ltr'><strong><em>ex</em></strong></span> <span class='ocrx_word' id='word_1_279' title='bbox 793 3652 902 3696; x_wconf 85' lang='lat' dir='ltr'><strong><em>ore</em></strong></span> <span class='ocrx_word' id='word_1_280' title='bbox 935 3634 1152 3714; x_wconf 78' lang='lat' dir='ltr'><strong><em>populi</em></strong></span> <span class='ocrx_word' id='word_1_281' title='bbox 1198 3639 1511 3712; x_wconf 84' lang='lat' dir='ltr'><strong><em>acceptam</em></strong></span> <span class='ocrx_word' id='word_1_282' title='bbox 1533 3633 1618 3694; x_wconf 89' lang='lat' dir='ltr'><strong><em>ad</em></strong></span> <span class='ocrx_word' id='word_1_283' title='bbox 1657 3634 1916 3713; x_wconf 77' lang='lat' dir='ltr'><strong><em>fratrem</em></strong></span> <span class='ocrx_word' id='word_1_284' title='bbox 1949 3632 2247 3712; x_wconf 77' lang='lat' dir='ltr'><strong><em>perferat,</em></strong></span> <span class='ocrx_word' id='word_1_285' title='bbox 2295 3634 2618 3708; x_wconf 81' lang='lat' dir='ltr'><strong><em>antequam</em></strong></span> 
     </span>
     <span class='ocr_line' id='line_1_33' title="bbox 425 3722 2621 3825; baseline -0.003 -23"><span class='ocrx_word' id='word_1_286' title='bbox 425 3742 561 3822; x_wconf 81' lang='lat' dir='ltr'><strong><em>ipse</em></strong></span> <span class='ocrx_word' id='word_1_287' title='bbox 604 3723 944 3803; x_wconf 76' lang='lat' dir='ltr'><strong><em>Aeschinus</em></strong></span> <span class='ocrx_word' id='word_1_288' title='bbox 982 3743 1083 3804; x_wconf 83' lang='lat' dir='ltr'><strong><em>vel</em></strong></span> <span class='ocrx_word' id='word_1_289' title='bbox 1125 3742 1405 3822; x_wconf 80' lang='lat' dir='ltr'><strong><em>Ctesipho</em></strong></span> <span class='ocrx_word' id='word_1_290' title='bbox 1464 3762 1599 3806; x_wconf 87' lang='lat' dir='ltr'><strong><em>cum</em></strong></span> <span class='ocrx_word' id='word_1_291' title='bbox 1633 3742 1876 3821; x_wconf 83' lang='lat' dir='ltr'><strong><em>praeda</em></strong></span> <span class='ocrx_word' id='word_1_292' title='bbox 1920 3731 2039 3803; x_wconf 86' lang='lat' dir='ltr'><strong><em>sua</em></strong></span> <span class='ocrx_word' id='word_1_293' title='bbox 2076 3722 2310 3825; x_wconf 83' lang='lat' dir='ltr'><strong><em>domum</em></strong></span> <span class='ocrx_word' id='word_1_294' title='bbox 2348 3736 2621 3818; x_wconf 81' lang='lat' dir='ltr'><strong><em>patriam</em></strong></span> 
     </span>
    </p>
   </div>
   <div class='ocr_carea' id='block_1_5' title="bbox 284 3831 2620 3931">
    <p class='ocr_par' dir='ltr' id='par_1_7' title="bbox 284 3831 2620 3931">
     <span class='ocr_line' id='line_1_34' title="bbox 284 3831 2620 3931; baseline -0.003 -21"><span class='ocrx_word' id='word_1_295' title='bbox 284 3899 298 3910; x_wconf 81' lang='grc'><strong><em>,</em></strong></span> <span class='ocrx_word' id='word_1_296' title='bbox 328 3863 335 3868; x_wconf 85' lang='grc'><strong>’</strong></span> <span class='ocrx_word' id='word_1_297' title='bbox 421 3851 767 3931; x_wconf 77' lang='lat' dir='ltr'><strong><em>repetierit,</em></strong></span> <span class='ocrx_word' id='word_1_298' title='bbox 816 3855 996 3930; x_wconf 83' lang='lat' dir='ltr'><strong><em>atque</em></strong></span> <span class='ocrx_word' id='word_1_299' title='bbox 1037 3850 1152 3913; x_wconf 76' lang='lat' dir='ltr'><strong><em>hoc</em></strong></span> <span class='ocrx_word' id='word_1_300' title='bbox 1193 3858 1262 3911; x_wconf 87' lang='lat' dir='ltr'><strong><em>ut</em></strong></span> <span class='ocrx_word' id='word_1_301' title='bbox 1300 3852 1751 3915; x_wconf 76' lang='lat' dir='ltr'><strong><em>excusationem</em></strong></span> <span class='ocrx_word' id='word_1_302' title='bbox 1793 3850 1931 3928; x_wconf 77' lang='lat' dir='ltr'><strong><em>inde</em></strong></span> <span class='ocrx_word' id='word_1_303' title='bbox 1971 3847 2235 3925; x_wconf 81' lang='lat' dir='ltr'><strong><em>habeat,</em></strong></span> <span class='ocrx_word' id='word_1_304' title='bbox 2278 3831 2457 3926; x_wconf 81' lang='lat' dir='ltr'><strong><em>quod.¹</em></strong></span> <span class='ocrx_word' id='word_1_305' title='bbox 2476 3861 2620 3904; x_wconf 74' lang='lat' dir='ltr'><strong><em>mox</em></strong></span> 
     </span>
    </p>
   </div>
   <div class='ocr_carea' id='block_1_6' title="bbox 419 3941 2621 4264">
    <p class='ocr_par' dir='ltr' id='par_1_8' title="bbox 419 3941 2621 4264">
     <span class='ocr_line' id='line_1_35' title="bbox 421 3941 2612 4038; baseline -0.006 -13"><span class='ocrx_word' id='word_1_306' title='bbox 421 3960 693 4032; x_wconf 75' lang='lat' dir='ltr'><strong><em>lenonem</em></strong></span> <span class='ocrx_word' id='word_1_307' title='bbox 734 3978 868 4022; x_wconf 86' lang='lat' dir='ltr'><strong><em>cum</em></strong></span> <span class='ocrx_word' id='word_1_308' title='bbox 908 3957 1211 4032; x_wconf 73' lang='lat' dir='ltr'><strong><em>Aeschino</em></strong></span> <span class='ocrx_word' id='word_1_309' title='bbox 1254 3941 1657 4024; x_wconf 68' lang='lat' dir='ltr'><strong><em>altercantem,</em></strong></span> <span class='ocrx_word' id='word_1_310' title='bbox 1678 3959 2060 4037; x_wconf 77' lang='lat' dir='ltr'><strong><em>puellamque</em></strong></span> <span class='ocrx_word' id='word_1_311' title='bbox 2101 3955 2417 4038; x_wconf 79' lang='lat' dir='ltr'><strong><em>retrahere</em></strong></span> <span class='ocrx_word' id='word_1_312' title='bbox 2467 3953 2612 4012; x_wconf 86' lang='lat' dir='ltr'><strong><em>stu-</em></strong></span> 
     </span>
     <span class='ocr_line' id='line_1_36' title="bbox 426 4053 2621 4160; baseline -0.001 -29"><span class='ocrx_word' id='word_1_313' title='bbox 426 4068 659 4131; x_wconf 85' lang='lat' dir='ltr'><strong><em>dentem</em></strong></span> <span class='ocrx_word' id='word_1_314' title='bbox 695 4068 759 4129; x_wconf 86' lang='lat' dir='ltr'><strong><em>in</em></strong></span> <span class='ocrx_word' id='word_1_315' title='bbox 796 4087 991 4142; x_wconf 55' lang='lat' dir='ltr'><strong><em>,scena</em></strong></span> <span class='ocrx_word' id='word_1_316' title='bbox 1020 4053 1444 4147; x_wconf 75' lang='lat' dir='ltr'><strong><em>conspicimu8‚</em></strong></span> <span class='ocrx_word' id='word_1_317' title='bbox 1486 4083 1605 4148; x_wconf 81' lang='lat' dir='ltr'><strong><em>quo</em></strong></span> <span class='ocrx_word' id='word_1_318' title='bbox 1634 4067 1869 4160; x_wconf 84' lang='lat' dir='ltr'><strong><em>quidem</em></strong></span> <span class='ocrx_word' id='word_1_319' title='bbox 1894 4063 2167 4127; x_wconf 82' lang='lat' dir='ltr'><strong><em>convicio</em></strong></span> <span class='ocrx_word' id='word_1_320' title='bbox 2197 4062 2443 4124; x_wconf 65' lang='lat' dir='ltr'><strong><em>caunum</em></strong></span> <span class='ocrx_word' id='word_1_321' title='bbox 2467 4066 2621 4128; x_wconf 73' lang='lat' dir='ltr'><strong><em>tem-</em></strong></span> 
     </span>
     <span class='ocr_line' id='line_1_37' title="bbox 419 4170 2616 4264; baseline -0.005 -26"><span class='ocrx_word' id='word_1_322' title='bbox 419 4177 600 4256; x_wconf 82' lang='lat' dir='ltr'><strong><em>poris</em></strong></span> <span class='ocrx_word' id='word_1_323' title='bbox 643 4174 982 4242; x_wconf 85' lang='lat' dir='ltr'><strong><em>absumtum</em></strong></span> <span class='ocrx_word' id='word_1_324' title='bbox 1014 4177 1209 4258; x_wconf 82' lang='lat' dir='ltr'><strong><em>fuisse</em></strong></span> <span class='ocrx_word' id='word_1_325' title='bbox 1257 4176 1541 4242; x_wconf 87' lang='lat' dir='ltr'><strong><em>credibile</em></strong></span> <span class='ocrx_word' id='word_1_326' title='bbox 1580 4181 1673 4237; x_wconf 85' lang='lat' dir='ltr'><strong><em>est</em></strong></span> <span class='ocrx_word' id='word_1_327' title='bbox 1690 4216 1733 4250; x_wconf 90' lang='lat'><strong><em>,-</em></strong></span> <span class='ocrx_word' id='word_1_328' title='bbox 1780 4174 1948 4254; x_wconf 81' lang='lat' dir='ltr'><strong><em>apud</em></strong></span> <span class='ocrx_word' id='word_1_329' title='bbox 1987 4170 2387 4264; x_wconf 78' lang='lat' dir='ltr'><strong><em>Menandrum</em></strong></span> <span class='ocrx_word' id='word_1_330' title='bbox 2433 4174 2616 4245; x_wconf 84' lang='lat' dir='ltr'><strong><em>certe,</em></strong></span> 
     </span>
    </p>
   </div>
  </div>
 </body>
</html>
