2942 4849
1037 750 1244 833 De
1334 751 1994 869 Andria·¹

1333 982 1626 995 *—

564 1188 887 1252 Grauertus
910 1188 974 1248 in
992 1186 1300 1248 Analectis
1331 1185 1637 1248 historicis
1659 1191 1719 1246 et
1744 1183 2128 1271 philologieis
2153 1188 2240 1263 (p.
2273 1181 2347 1243 17
2351 1181 2392 1242 ὀ
2408 1190 2573 1264 sqq.)

396 1298 656 1360 Terentii
698 1295 991 1359 Andriam
1036 1295 1493 1377 diligentissime
1537 1293 1904 1373 comparavit
1962 1309 2095 1354 cum
2136 1289 2576 1371 exemplaribus

388 1407 653 1488 graecis.
744 1405 1006 1478 Quorum
1055 1422 1233 1484 quum
1280 1402 1398 1465 duo
1444 1400 1685 1478 fuerint,
1726 1398 2040 1462 Menandri
2079 1397 2309 1461 Andria
2353 1405 2415 1461 et
2452 1398 2575 1467 Pe-

399 1516 615 1578 rinthia
661 1513 829 1590 (Ter.
875 1512 1031 1575 And.
1073 1513 1224 1593 prol.
1270 1511 1309 1574 9
1342 1520 1534 1592 sqq.)‚
1579 1517 1676 1572 sat
1712 1509 1968 1572 feliciter
1994 1507 2320 1571 Grauertus
2361 1522 2436 1569 ea
2472 1507 2576 1570 in-

391 1623 673 1704 dagavit,
749 1638 904 1702 quae
942 1639 981 1683 e
1025 1622 1226 1701 priore
1269 1618 1468 1681 fabula
1523 1628 1752 1700 graeca
1797 1617 1859 1679 in
1906 1616 2149 1681 latinam
2192 1618 2568 1699 migrarunt3

394 1734 628 1795 minore
667 1747 959 1794 successu
1005 1735 1101 1790 est
1135 1730 1196 1790 in
1242 1727 1431 1809 altera
1476 1744 1640 1789 usus·
1724 1726 1874 1789 Nam
1916 1731 2101 1787 totam
2147 1725 2292 1788 fere·
2321 1725 2580 1789 fabulam

392 1841 815 1904 Terentianam
861 1837 1308 1920 potuit'partim
1353 1852 1715 1918 graecorum
1757 1833 2226 1917 fragmentorum
2267 1851 2406 1915 ope·
2430 1852 2578 1915 par-

393 1951 495 2011 tim
540 1947 873 2010 rationibus
929 1964 1072 2008 usus
1115 1960 1197 2007 ex
1257 1944 1496 2007 fabulae
1553 1946 1912 2008 oeconomia
1958 1944 2158 2024 petitis
2202 1961 2282 2006 ex
2348 1961 2576 2026 graeca

397 2057 627 2121 Andria
672 2062 989 2135 repetere,
1049 2056 1318 2136 exceptis
1375 2057 1583 2135 paucis
1626 2055 1830 2119 scenis
1857 2101 1876 2132 ,
1942 2070 2091 2134 quas
2133 2059 2333 2116 tamen
2375 2070 2500 2116 non
2542 2071 2578 2116 e

400 2166 703 2230 Perinthia
750 2150 1046 2225 admixtas
1110 2164 1220 2225 sed
1274 2164 1349 2225 ab
1397 2164 1870 2244 ipso⁴Terentio
1944 2162 2219 2224 inventas
2268 2174 2406 2222 esse
2447 2165 2583 2223 stu-

394 2277 522 2339 duit
564 2275 1002 2337 demonstrare.
1113 2270 1396 2352 Spectant
1439 2289 1553 2333 eae
1596 2289 1821 2333 scenae
1867 2269 1942 2335 ad
2011 2270 2254 2335 Charini
2307 2286 2575 2331 amorem

396 2391 456 2447 et
501 2383 902 2461 Philumenae,
943 2399 1117 2462 quem
1164 2398 1429 2445 amorem
1473 2381 1534 2444 in
1577 2399 1802 2463 graeca
1823 2378 2052 2443 Andria
2098 2398 2219 2443 non
2257 2384 2575 2442 tractatum

395 2509 535 2554 esse
563 2492 784 2553 scimus
829 2491 1173 2553 testimonio
1217 2491 1456 2554 Donati.
1543 2490 1888 2570 Priusquam
1935 2497 2130 2554 autem
2161 2488 2443 2552 Terentio
2473 2505 2580 2552 eas

390 2618 610 2664 scenas
656 2600 1092 2684 adiudicemus‚
1135 2602 1554 2683 inquirendum
1583 2601 1821 2663 videtur
1857 2603 1918 2663 in
1962 2609 2148 2665 totam
2194 2619 2322 2663 rem
2374 2600 2570 2682 paullo

392 2708 753 2792 diligentius;
1600 2724 1606 2731 ·

556 2818 740 2900 Igitur
796 2819 845 2879 si
910 2835 1121 2879 verum
1166 2823 1304 2895 est,
1373 2815 1450 2878 de
1516 2833 1635 2896 quo
1669 2805 1822 2879 'non
1881 2816 2118 2880 videtur
2170 2815 2581 2894 dubitandum,

389 2932 634 3007 praeter
699 2935 916 2986 scenas
989 2922 1058 2985 11.
1111 2925 1168 3000 1,
1210 2923 1281 2986 11.
1326 2926 1387 3002 2,
1437 2922 1530 2987 lV.
1587 2926 1644 3004 1,
1687 2923 1785 2987 IV.
1836 2925 1896 3003 2,
1937 2924 2004 2987 V.
2052 2925 2113 3003 5,
2153 2923 2218 2986 V.
2265 2923 2305 2987 ὃ
2365 2939 2579 2996 omnes

396 3033 665 3100 Andriae
714 3050 934 3097 scenas
981 3050 1060 3093 ex
1107 3032 1471 3114 cognomine
1513 3032 1709 3095 fabula
1752 3050 1977 3115 graeca
2020 3031 2265 3098 fluxisse
2298 3038 2371 3109 ¹),
2416 3033 2598 3111 ipsas·

361 3276 364 3279 ⁴
475 3262 527 3331 1)
571 3260 765 3313 Scenas
798 3260 1006 3328 quidem
1043 3259 1143 3313 1.4
1181 3270 1234 3313 et
1272 3265 1314 3314 1.
1336 3264 1368 3316 5
1403 3262 1681 3315 Grauertus
1722 3257 1923 3333 (Anall.
1959 3278 2010 3330 p.
2055 3261 2178 3337 189)
2219 3278 2284 3318 ex
2320 3261 2584 3316 Perinthia

392 3354 700 3408 derivandae
742 3356 944 3408 censuit
978 3355 1225 3409 adductus
1262 3358 1551 3426 fragmento
1590 3360 1654 3411 ab
1691 3358 1962 3412 Athenaeo
2000 3360 2114 3427 (xl.
2145 3375 2197 3427 p.
2221 3358 2344 3424 504,
2374 3363 2427 3428 a)
2470 3373 2587 3410 ser-

394 3460 552 3506 vato:
611 3450 907 3523 Οῠδεμίαν
943 3451 976 3516 ἤ
1015 3453 1200 3522 γραῦς
1231 3449 1370 3514 ὅλως
1406 3449 1643 3507 Κύλικα’
1668 3460 1924 3527 παρῆκεν
1965 3448 2100 3509 α’λλᾶ
2136 3459 2293 3510 πίνει
2336 3449 2442 3523 τὴν
2477 3453 2582 3507 xv'-

393 3550 502 3617 κλῳ
538 3548 659 3619 (pro
698 3562 801 3614 quo
842 3546 1173 3602 scribendum
1221 3548 1375 3600 'credo
1419 3549 1547 3601 ἀλλ’
1585 3551 1743 3604 ἔπιεν
1782 3543 1959 3614 αὗτὴν
1996 3550 2219 3623 κύκλῳ),
2259 3549 2398 3619 quod
2440 3549 2588 3617 frag-

393 3652 620 3695 mentum
658 3635 916 3710 sagaciter
951 3643 1082 3698 vidit
1118 3642 1306 3694 dictum
1350 3657 1471 3695 esse
1510 3642 1574 3694 de
1616 3641 1898 3698 temulenta
1938 3644 2255 3711 obstetrice,
2307 3645 2373 3697 ad
2424 3660 2577 3712 quam

395 3754 463 3791 se.
494 3739 622 3790 mitti
647 3739 817 3804 Mysis
857 3741 1091 3807 queritur
1132 3739 1193 3802 (Ι.
1216 3738 1291 3811 4).
1367 3738 1468 3792 Sed
1495 3742 1547 3791 in
1569 3740 1669 3790 hoc
1695 3739 2023 3792 festinantius
2051 3740 2333 3808 disputavit
2354 3740 2581 3793 Grauer-

398 3842 498 3886 tus.
572 3833 697 3886 Nam
739 3821 895 3902 quum
933 3851 1140 3888 scenam
1180 3835 1242 3889 11.
1263 3836 1303 3888 3
1334 3851 1398 3886 ex
1430 3835 1743 3892 Menandrea
1776 3836 1969 3888 Andria
1989 3838 2270 3887 derivatam
2313 3847 2430 3888 esse
2451 3852 2579 3888 eon-

400 3937 504 3982 stet
542 3929 635 4001 (cf.
679 3930 908 3982 Grauert.
953 3930 1125 3985 Anall.
1162 3948 1213 3999 p.
1260 3930 1384 4002 179)
1430 3934 1484 3983 in
1534 3948 1636 4001 qua
1676 3947 1832 3984 scena
1868 3933 2043 3985 Davus
2083 3930 2406 3996 Pamphilum
2449 3947 2580 3983 con-

397 4027 714 4077 sternatione
751 4034 804 4077 et
842 4026 1187 4094 trepidatione
1226 4025 1444 4091 liberat,
1490 4043 1725 4080 necesse
1752 4036 1848 4093 est,
1888 4028 2053 4095 ipsam
2089 4025 2231 4080 illam
2266 4026 2575 4095 trepidatio-

398 4138 517 4173 nem
545 4131 697 4174 antea
733 4124 789 4173 in
823 4137 981 4174 scena
1016 4132 1347 4190 conspectam
1388 4139 1525 4188 esse,
1559 4139 1718 4192 quare
1755 4139 1823 4174 ne
1860 4123 2068 4174 minima
2092 4120 2311 4189 ,quidem
2352 4129 2431 4173 est
2482 4120 2586 4172 du·
2676 4122 2678 4124 ’

394 4217 595 4282 bitatio,
629 4220 754 4286 quin
795 4219 949 4270 etiam
989 4220 1040 4270 in
1079 4234 1267 4287 graeca
1303 4218 1499 4285 Andria
1529 4218 1701 4272 locum
1728 4218 1965 4271 habuerit
1983 4215 2195 4284 Mysidis
2220 4215 2580 4286 Pamphilique
2653 4241 2656 4248 ·
